1971 3246
898 308 1191 350 -40-

332 424 572 480 Bambycen
616 423 703 466 seu
732 423 911 479 Mabog,
955 436 1082 477 quam
1128 421 1329 466 Seleucus
1371 424 1547 467 Nicator
1577 425 1763 480 appella-

332 497 450 535 verat
501 491 842 547 Hie1·ap01in³4)‚
894 496 1149 535 mercatores
1198 492 1443 546 pergebant.
1523 494 1763 549 Hierapolis

331 567 473 604 autem
503 561 587 604 sita
616 566 707 603 erat
735 560 777 603 in
811 561 884 602 illa
914 561 995 613 via,
1026 574 1135 613 quae
1164 565 1279 603 recta
1309 561 1365 602 ad
1395 563 1541 604 urbem
1558 562 1764 606 nobilissi-

337 644 452 673 mam
485 630 753 672 Antiochiam
787 629 1044 682 omninoque
1075 630 1131 671 ad
1163 629 1291 672 maris
1322 629 1475 672 interni
1508 645 1604 674 oras
1639 632 1763 674 duce-

331 701 425 752 bat,
476 699 535 741 ita
585 703 629 740 ut
670 703 925 741 mercatores
967 700 1002 739 V
1042 699 1203 741 dierum
1244 698 1391 741 itinere
1406 699 1465 756 35)
1493 701 1764 743 Antiochiam

331 768 551 826 pervenire
590 773 775 823 possent.
836 769 927 809 Hac
963 767 1091 821 igitur
1131 768 1201 809 via
1236 767 1430 821 Indicae,
1464 769 1764 825 Babylonicae,

332 838 541 881 Arabicae
557 850 730 892 merces,
745 837 852 888 thus,
874 836 1059 891 myrrha,
1079 837 1268 888 uniones,
1291 851 1497 894 gemmae,
1516 843 1655 882 vestes
1669 852 1765 882 cum

335 906 614 962 bombycinae
645 910 734 948 tum
765 905 924 948 sericae
953 905 1058 947 varii
1080 906 1259 960 generis,
1289 907 1495 950 tenuitate
1517 912 1558 950 et
1576 908 1764 951 colorum

276 988 279 991 ‘
331 977 556 1031 splendore
594 976 806 1030 insignes,
857 975 912 1017 ad
950 976 1096 1017 urbem
1133 975 1400 1018 Antiochiam
1422 977 1472 1028 36)
1519 982 1767 1030 ceterasque

331 1045 456 1087 urbes
492 1045 549 1089 in
587 1044 715 1086 maris
754 1043 906 1085 interni
945 1043 1066 1085 litore
1111 1044 1213 1087 sitas
1245 1044 1499 1096 aclfluebant,
1548 1045 1661 1087 unde
1690 1059 1766 1101 per

334 1126 451 1155 mare
480 1112 536 1155 ad
566 1114 711 1155 urbem
744 1112 992 1154 Corinthum
1037 1125 1171 1166 eaque
1208 1113 1441 1168 posteriore
1480 1118 1672 1169 tempore
1707 1115 1768 1157 di-

329 1188 424 1226 ruta
454 1182 510 1224 ad
537 1182 693 1224 Delum
721 1181 904 1223 insulam
947 1181 1113 1235 aliaque
1145 1182 1374 1225 occidentis
1407 1183 1596 1237 emporia
1625 1183 1768 1238 exige-

331 1252 561 1302 bantu1n37)
635 1252 740 1293 Erat
771 1255 914 1292 autem
947 1251 1096 1292 horum
1127 1252 1388 1293 terrestrium
1419 1240 1768 1295 commerciorum

334 1334 385 1362 ea
415 1325 581 1373 natura,
608 1323 654 1361 ut
682 1333 765 1361 non
798 1333 823 1361 a
850 1319 1027 1374 singulis
1052 1320 1121 1362 vel
1144 1320 1291 1375 paucis
1311 1321 1658 1377 negotiatoribus,
1692 1322 1769 1364 sed

332 1389 500 1443 magnis
530 1392 696 1431 tantum
728 1393 1010 1430 mercatorum
1037 1389 1217 1431 catervis
1247 1389 1430 1432 Arabico
1460 1390 1632 1433 nomine
1657 1390 1766 1447 „Ca-

331 1462 543 1501 ravanelr‘
588 1459 732 1511 (lictis,
771 1458 843 1512 agi
882 1462 1067 1513 possent.
1141 1458 1350 1501 Obstabat
1393 1460 1505 1502 enim
1546 1460 1766 1514 longitudo

332 1527 428 1569 viae
470 1532 511 1570 et
550 1527 746 1570 ferocitas
780 1527 1047 1583 Nomadum,
1090 1527 1162 1581 qui
1190 1528 1390 1582 gregibus
1423 1529 1507 1572 suis
1538 1530 1767 1573 immensas

331 1596 668 1651 Mesopotamiae
713 1596 911 1651 planities
958 1595 1223 1638 inundabant
1272 1610 1322 1639 ac
1373 1598 1498 1640 simul
1546 1599 1768 1643 latrocinia

334 1666 609 1720 exercebant,
646 1665 706 1707 ita
735 1670 780 1707 ut
811 1666 937 1720 pauci
967 1670 1094 1719 atque
1122 1666 1306 1709 inermes
1336 1667 1417 1709 hoc
1444 1668 1523 1709 iter
1553 1667 1767 1723 suscipere

333 1735 448 1776 nullo
493 1735 619 1776 modo
659 1739 847 1789 possent.
908 1736 1147 1778 Convenire
1177 1736 1304 1790 igitur
1335 1736 1530 1778 solebant
1561 1742 1766 1781 mercato—

334 1817 428 1845 rum
459 1803 644 1858 agmina,
676 1804 805 1847 armis
836 1805 944 1847 bene
973 1805 1188 1856 instructa,
1221 1818 1330 1858 quae
1349 1805 1425 1847 sub
1442 1804 1559 1856 duce,
1591 1806 1767 1862 ab,ipsis

333 1872 480 1926 electo,
509 1872 767 1915 camelorum
790 1886 870 1928 ope
888 1887 1047 1916 merces
1069 1886 1169 1916 suas
1188 1873 1603 1928 t1·ansportabant.³⁵⁵)
1645 1875 1768 1918 Hanc

333 1940 447 1982 viam
490 1942 724 1996 posteriore
761 1946 951 1997 tempore
994 1956 1089 1985 cum
1119 1943 1411 1985 Romanorum
1441 1948 1482 1985 et
1512 1943 1767 1986 Parthorum

333 2010 444 2053 bella
475 2016 648 2053 cruenta
679 2012 822 2054 omnia
851 2013 1069 2055 turbarent
1097 2011 1370 2064 commercia,
1401 2012 1641 2066 neglectam
1673 2026 1766 2057 esse

429 2146 490 2192 34)
515 2146 650 2182 Strabo
676 2147 742 2181 748
769 2147 963 2182 confundit
990 2147 1209 2193 Hierapolin
1236 2147 1366 2194 Syriae
1385 2149 1561 2196 oppidum
1576 2162 1658 2186 cum
1672 2151 1767 2188 urbe.

336 2203 493 2248 Edessa,
537 2215 631 2250 quae
656 2204 693 2238 in
719 2204 997 2249 septentrionali
1029 2204 1318 2250 Mesopotamiae
1351 2210 1474 2242 tractu
1499 2207 1571 2242 sita
1591 2212 1687 2252 erat3
1715 2208 1761 2245 of.

334 2259 464 2296 Cellar.
489 2261 603 2296 Notit.
634 2261 710 2297 orb.
740 2265 812 2296 ant.
842 2262 889 2307 II,
916 2275 951 2308 p.
980 2262 1056 2298 7-24.
1099 2263 1233 2309 Bayer,
1257 2263 1341 2299 hist.
1367 2265 1559 2300 Osrhoena
1585 2269 1622 2301 et
1645 2266 1758 2301 Edes-

333 2329 420 2353 sena
444 2331 479 2364 p.
510 2319 542 2353 2.
596 2319 739 2364 Ritter,
766 2320 816 2364 X,
844 2332 878 2366 p.
910 2321 1004 2355 lois.
1031 2320 1254 2366 Grosskurd,
1280 2322 1349 2366 ΙΙΙ,
1374 2335 1410 2368 p.
1437 2324 1501 2358 231
1527 2335 1560 2357 n.
1586 2323 1616 2358 3.
1666 2323 1760 2359 Hee-
1795 2320 1797 2322 ’

337 2387 411 2421 ren,
437 2376 551 2411 Ideen
575 2376 603 2421 I,
628 2377 650 2411 3
678 2389 713 2422 p.
737 2377 804 2412 403
830 2378 897 2413 No.
917 2378 937 2412 3
959 2378 995 2411 in
1016 2378 1143 2414 eodem
1169 2390 1299 2425 errore,
1326 2391 1399 2426 quo
1414 2380 1559 2424 Strabo,
1583 2384 1761 2417 versatur.

425 2434 483 2479 35)
512 2433 644 2468 Zosim.
664 2434 732 2478 III,
763 2435 811 2469 12.

427 2492 487 2539 36)
512 2491 697 2527 Ammian.
739 2492 902 2528 Marcell.
941 2493 1055 2536 XIV,
1086 2495 1118 2539 8,
1141 2494 1172 2529 8.
1200 2494 1245 2529 ef.
1277 2494 1345 2531 Od.
1372 2495 1539 2541 Mueller,
1567 2495 1657 2532 Ant.
1685 2496 1761 2532 An-

331 2548 442 2584 tioch.
466 2561 501 2595 p.
529 2550 581 2584 12.
610 2549 675 2586 Nr.
701 2550 755 2584 10.

426 2606 486 2654 37)
512 2606 734 2653 Hiilhnann,
760 2607 827 2642 260
853 2619 920 2654 sqq
943 2635 950 2650 ,
974 2607 1138 2653 Heeren,
1165 2608 1303 2645 Comm.
1330 2620 1400 2645 soc.
1421 2609 1523 2646 Gott.
1551 2610 1619 2656 XI,
1642 2623 1678 2657 p.
1706 2611 1762 2655 75,

329 2663 544 2709 Hoffmann,
572 2665 655 2701 306.

422 2721 479 2767 38)
505 2722 721 2767 Hoffmann,
745 2734 778 2767 p.
807 2721 884 2768 223,
907 2722 1062 2768 Heeren,
1088 2724 1117 2768 I,
1142 2723 1163 2758 3
1187 2718 1221 2770 p'.
1250 2724 1318 2760 403
1343 2723 1412 2760 No.
1432 2724 1463 2759 3.
1489 2723 1553 2769 1,2
1568 2737 1602 2771 p.
1620 2725 1761 2772 2202sq.
