1971 3246
898 257 1182 300 -64-

324 371 406 416 129
435 385 474 416 a.
506 370 603 416 Chr.
635 384 677 415 n.
736 370 945 415 Phraates
971 370 1172 415 victoriae
1206 370 1260 413 dc
1279 368 1490 414 Antiocho
1510 371 1754 426 reportatae

320 441 481 483 fructus
510 439 729 496 percipere
756 454 841 483 non
868 440 1015 496 potuit.
1047 439 1225 495 Cogitur
1255 438 1368 482 enim
1397 443 1544 483 contra
1559 439 1758 495 Scythas,

313 510 489 564 quibus,
520 523 617 552 cum
647 523 753 565 sero,
783 509 894 552 bello
921 510 1015 564 jam
1056 509 1260 560 confecto,
1292 508 1497 551 auxilium
1528 508 1739 564 tulissent,

319 578 560 621 mercedem
590 581 799 628 renuerat,
848 583 989 620 castra
1030 577 1274 629 moverexffl)
1341 577 1392 619 In
1437 577 1518 620 isto
1561 577 1673 620 bello
1703 576 1759 619 ab

318 646 527 690 Antiocho
559 649 708 689 eontra
735 646 918 689 Parthos
940 650 1137 701 suscepto
1162 646 1289 688 etiam
1307 645 1502 689 Seleucia
1517 646 1574 688 ad
1594 645 1758 700 Tigrim

317 715 540 770 imperium
575 714 820 758 Parthicum
855 715 1116 759 detrectasse
1154 715 1331 758 videtur.
1389 716 1503 757 Nam
1534 715 1758 757 Seleucen-

318 797 387 827 ses
428 788 537 828 teste
565 783 755 827 Diodoro
787 783 931 827 Siculo
948 785 1006 841 4³)
1038 784 1269 827 Pitthidem
1301 783 1539 838 quendam,
1570 783 1757 826 Parthici

317 853 431 908 regis
469 854 538 896 vel
577 854 768 908 legatum
812 855 880 896 vel
920 854 1182 909 praefectum
1222 857 1570 896 excaecaverant.
1639 853 1750 895 Tum

317 921 527 965 Antiocho
571 928 769 978 superato
801 923 1077 966 Seleucenses
1106 923 1281 966 summis
1313 923 1409 965 belli
1439 921 1750 964 calamitatibus

318 990 521 1033 debilitati
550 991 607 1033 ad
636 991 842 1034 Parthum
874 992 1056 1043 mittunt,
1091 992 1162 1045 qui
1188 991 1358 1034 veniam
1387 992 1662 1046 impetrarent
1689 1003 1751 1032 re-

319 1072 413 1101 rum
445 1059 560 1114 prius
591 1064 821 1114 gestarum.
883 1061 977 1103 Rex
1006 1061 1276 1104 acerbissime
1307 1061 1349 1102 in
1367 1059 1607 1103 Seleuciam
1622 1059 1756 1101 iratus

318 1127 473 1182 legatis
500 1128 556 1170 ad
584 1128 736 1184 locum,
768 1142 851 1182 quo
884 1129 1091 1172 Pitthides
1124 1143 1275 1172 caecus
1306 1129 1506 1179 sedebat,
1551 1127 1757 1183 adductis,

321 1196 598 1239 Seleucenses
644 1211 792 1240 omnes
833 1197 982 1239 eadem
1023 1211 1166 1253 poena
1197 1211 1243 1240 se
1283 1198 1531 1240 affecturum
1571 1210 1756 1252 pronun—

317 1265 450 1309 tiavit.
509 1265 699 1308 Maxime
729 1270 792 1308 est
820 1266 1063 1317 dolendum,
1098 1266 1213 1319 quod
1242 1266 1322 1308 hoc
1354 1266 1525 1319 quidem
1552 1266 1645 1320 ipso
1663 1265 1758 1308 loco

316 1334 548 1389 fragmenti
576 1334 669 1377 finis
702 1338 778 1377 est.
840 1335 985 1377 Facile
1015 1334 1284 1390 intelligitur,
1316 1334 1522 1377 Parthum
1550 1334 1603 1377 de
1630 1334 1758 1377 totius

318 1403 440 1458 regni
479 1402 544 1445 sui
585 1403 688 1445 urbe
726 1402 1039 1458 florentissima,
1081 1416 1192 1457 quae
1231 1403 1431 1445 Parthico
1471 1402 1635 1445 aerario
1667 1403 1758 1445 sine

323 1471 450 1514 dubio
497 1471 685 1514 maximo
725 1485 894 1527 semper
932 1472 1009 1514 fuit
1036 1473 1147 1527 usui,
1187 1476 1330 1515 tantas
1356 1485 1518 1527 poenas
1547 1484 1632 1514 non
1659 1484 1756 1513 exe-

324 1540 451 1595 gisse.
514 1544 571 1582 At
615 1554 700 1583 non
746 1545 811 1583 est
852 1541 942 1584 sine
982 1541 1172 1584 veritatis
1204 1542 1365 1597 specie,
1399 1555 1422 1584 e
1449 1540 1563 1596 regis
1589 1540 1653 1583 ira
1684 1540 1759 1582 illa

323 1609 449 1665 mala,
483 1622 593 1663 quae
617 1609 815 1652 Himerus
833 1611 899 1665 44),
929 1624 956 1652 a
982 1610 1167 1653 Phraate
1200 1611 1258 1653 ad
1295 1610 1416 1665 regni
1455 1610 1631 1653 tutelam
1660 1608 1756 1651 reli-

416 1732 476 1777 42)
500 1732 638 1768 Justin.
662 1733 786 1778 XLII,
812 1734 849 1778 1,
875 1734 907 1768 3.

416 1790 478 1835 43)
504 1790 615 1825 Diod.
643 1790 712 1826 Sic.
738 1791 871 1837 fragm.
894 1791 1071 1826 XXXIII
1095 1795 1132 1826 et
1155 1791 1336 1835 XXXIV,
1364 1803 1394 1826 6.
1420 1792 1465 1826 42
1488 1792 1543 1827 ed.
1571 1791 1730 1827 Bekkcr.

405 1846 466 1893 44)
491 1847 627 1884 Justin.
661 1847 753 1892 prol.
784 1847 907 1882 XLII.
940 1848 1005 1883 lib.
1039 1848 1163 1891 XLII,
1189 1850 1219 1893 1,
1244 1849 1274 1882 3.
1326 1849 1435 1884 Diod.
1470 1849 1582 1885 SicuL
1615 1847 1747 1894 fragm.

319 1903 504 1948 XXXIV,
529 1906 593 1941 21:
619 1902 820 1950 ,,Εὖήμερος
842 1903 860 1937 ὁ
884 1903 1128 1950 τῶνΠάρθων
1151 1903 1323 1948 βασιλεὺς,
1350 1917 1444 1952 quac
1458 1907 1571 1942 verba
1592 1905 1760 1941 Valesius

319 1961 356 1996 in
381 1972 458 1997 exc.
481 1962 548 1996 377
577 1962 630 1997 sic
656 1963 826 1998 emendat
852 1961 1041 2008 ,,ὁἽμερος
1066 1961 1084 1996 ὃ
1102 1963 1171 1995 τῶν
1190 1962 1355 2008 Πάρθων
1369 1964 1534 2006 βασιλέως
1548 1961 1758 2008 σατράπης.“

325 2019 463 2054 Jurene
488 2020 656 2055 Valesius
677 2020 740 2054 illa
765 2020 921 2055 Diodori
945 2021 1059 2056 verba
1082 2022 1135 2056 ita
1162 2022 1423 2066 emendaverit,
1450 2032 1659 2056 asseverare
1683 2032 1757 2056 non

321 2076 448 2111 ausim.
498 2077 618 2112 Multa
645 2082 742 2123 sunt,
767 2089 863 2124 quae
891 2079 1029 2124 opponi
1054 2083 1217 2123 possunt.
1265 2079 1437 2115 Valesius
1459 2079 1653 2114 Himerum
1679 2089 1757 2113 esse

317 2145 392 2169 non
417 2135 582 2180 potuisse
607 2146 731 2181 regem
754 2135 979 2180 arbitratur,
1020 2136 1157 2182 quippe
1182 2148 1265 2171 cum
1291 2147 1335 2171 eo
1359 2140 1524 2183 tempore
1547 2135 1760 2183 regnaverit

321 2191 504 2227 Phraates
527 2194 626 2238 apud
653 2193 822 2235 Parthos,
842 2205 915 2239 quo
938 2205 1022 2228 cum
1036 2194 1245 2229 Antiochus
1266 2194 1409 2230 Sidetes
1428 2195 1568 2229 bellum
1591 2193 1755 2240 gesserit.

316 2247 474 2284 Phraati
491 2254 615 2285 autem
632 2251 848 2286 successisse
858 2251 1101 2296 Artabanum,
1126 2262 1169 2286 ac
1185 2252 1318 2287 deinde
1334 2252 1608 2287 Mithridatem.
1633 2252 1756 2286 Recte.

318 2306 372 2341 At
412 2318 533 2341 nonne
563 2308 721 2353 cogitari
753 2313 893 2354 potest,
924 2309 1116 2344 Himcrum
1141 2321 1184 2344 60
1208 2314 1385 2356 tempore,
1410 2320 1484 2356 quo
1508 2309 1694 2344 Phraates
1719 2308 1758 2343 in

316 2364 530 2410 regionibus
567 2366 817 2400 remotissimis
852 2367 1011 2412 Scythas
1035 2367 1133 2401 bello
1159 2379 1393 2413 persequens
1418 2367 1533 2402 vitam
1560 2366 1758 2410 amitteret,

318 2422 357 2455 in
391 2422 604 2468 Babylonia
646 2424 787 2468 regiam
825 2428 1046 2469 potestatem
1081 2424 1299 2460 affectasse?
1347 2425 1432 2460 Huc
1463 2429 1631 2470 spectare
1665 2424 1756 2458 mihi

316 2480 487 2515 videntur
528 2480 665 2516 Justini
699 2481 836 2526 (XLII.
863 2483 901 2525 1,
925 2483 973 2526 3.)
1010 2483 1143 2518 verba:
1170 2483 1333 2527 „oblitus
1358 2483 1488 2517 vicarii
1518 2481 1668 2517 officii.“
1694 2481 1754 2517 Ita

317 2539 503 2584 quondam
547 2538 788 2583 Timarchus,
821 2539 866 2573 de
899 2551 971 2585 quo
994 2540 1073 2586 jam
1104 2540 1264 2586 egimus,
1288 2543 1372 2586 post
1395 2544 1551 2575 mortem
1575 2538 1755 2575 Antiochi

316 2595 539 2641 Epiphanis‚
581 2595 619 2630 in
649 2596 860 2642 Babylonia
888 2598 1122 2643 tyrannidem
1161 2602 1406 2645 occupaverat
1435 2597 1482 2633 cf.
1521 2598 1659 2633 Athen.
1685 2597 1754 2639 XI,

317 2654 349 2699 3,
374 2653 462 2690 466:
485 2653 742 2700 υΠοσειδώνιος
760 2655 796 2688 δὲ
820 2657 854 2688 ἐν
875 2655 918 2701 τῇ
936 2655 973 2693 ις’
995 2652 1076 2689 ’τῶν
1091 2653 1478 2703 ίσῐωριῶνΛνσίμαχόν
1497 2669 1581 2702 φησι
1603 2653 1666 2688 τὸν
1676 2656 1752 2688 Βα-
