1955 3262
800 348 1084 391 -71-

218 458 435 515 Babylone
467 467 761 514 commoratur,
795 476 920 514 qnam
955 464 1097 506 urbem
1131 479 1155 506 a
1185 465 1373 508 Seleucia
1406 468 1642 522 Babylonia

216 532 379 570 tantum
429 529 515 570 300
555 529 693 570 stadia
737 537 938 572 remotam
983 533 1109 574 fuisse
1150 534 1345 578 vidimus.
1416 537 1521 578 Cum
1562 540 1641 580 Dio

217 596 390 639 Cassius
415 601 576 638 tantum
601 597 653 639 de
673 600 898 652 superioris
922 601 1254 656 Mesopotamiae
1275 604 1454 659 urbibus,
1482 607 1645 650 Edessa

217 670 259 707 et
287 665 422 708 Nisibi
463 672 504 708 et
547 681 627 708 una
660 681 752 708 cum
787 668 835 709 iis
866 669 918 710 de
951 671 1138 711 Seleucia
1171 672 1354 724 quadam
1388 674 1510 728 dieat,
1543 675 1643 717 satis

218 733 320 775 mihi
349 739 544 777 constare
574 735 741 777 videtur
770 750 852 778 non
886 738 1117 779 Seleuciam
1152 739 1207 780 ad
1238 741 1415 793 Tigrim,
1449 742 1491 784 in
1523 743 1642 796 eujus

219 801 435 844 vicinitate
461 804 675 857 Trajanus
704 804 796 859 ipse
828 819 919 847 cum
950 807 1132 848 exercitu
1162 814 1300 849 eastra
1330 815 1541 863 posuerat,
1569 811 1643 853 sed

219 869 453 912 Seleuciam
471 871 522 918 ⁶⁶)
556 872 611 913 ad
643 872 858 927 Zeugma,
892 888 1000 927 quae
1031 875 1224 927 trajectui
1255 877 1481 931 Euphratis
1511 879 1642 920 immi-

218 944 363 987 neret,
395 952 422 980 a
458 940 665 983 Romanis
694 949 861 995 captam
894 956 996 986 esse.
1056 944 1269 985 Seleuciae
1301 946 1412 988 urhis
1444 947 1540 988 olim
1572 961 1644 988 no-

219 1005 471 1061 bilissimae,
523 1008 576 1050 de
624 1022 708 1062 qua
739 1010 927 1063 agimus,
969 1011 1130 1052 ruinam
1166 1012 1210 1054 L.
1252 1013 1385 1055 Verus
1413 1015 1572 1057 Caesar
1605 1029 1645 1056 a·

221 1075 313 1116 162.
351 1088 434 1117 acr.
477 1076 570 1118 Cssir.
612 1078 767 1121 effecit,
808 1092 901 1119 cum
948 1079 1108 1121 Parthis
1140 1081 1290 1121 bellum
1322 1082 1500 1125 inferret.
1562 1084 1642 1133 Qui

221 1155 316 1185 cum
359 1143 450 1198 ipse
490 1145 738 1187 Antiochiae
770 1153 1025 1201 moraretur,
1058 1148 1169 1189 unde
1200 1149 1471 1192 constitueret
1503 1153 1644 1193 omnia

220 1215 263 1253 et
278 1218 558 1254 commeatum
581 1213 779 1255 militibus
801 1222 1076 1269 compararet,
1095 1216 1293 1258 exercitui
1312 1218 1503 1260 Cassium
1525 1233 1644 1273 prae—

216 1279 326 1335 fecit,
359 1280 430 1334 qui
460 1280 719 1324 adorientem
748 1295 793 1324 se
826 1282 1064 1337 Vologesen
1098 1284 1352 1326 Parthorum
1385 1300 1528 1340 regem
1562 1288 1642 1330 for-

218 1347 314 1390 titer
349 1349 545 1391 sustinuit
578 1363 628 1392 ac
658 1355 780 1405 terga
812 1356 1028 1393 vertenten
1066 1352 1278 1394 insecutus
1314 1354 1546 1396 Seleuciam
1578 1369 1644 1397 us-

220 1429 303 1469 que
334 1422 375 1459 et
405 1417 720 1473 Ctesiphontem
751 1432 1000 1474 progressus
1029 1425 1109 1463 est.
1128 1421 1180 1471 67)
1239 1421 1427 1463 Seleucia
1455 1423 1647 1475 quamvis

219 1484 372 1528 milites
407 1486 625 1528 Romanos
671 1490 716 1528 ut
757 1487 915 1528 amieos
960 1489 1204 1542 recepisset,
1246 1494 1387 1531 tamen
1423 1503 1449 1531 a
1485 1489 1646 1542 Cassio,

220 1565 352 1596 causa
396 1567 471 1596 seu
518 1567 618 1596 vere
658 1567 733 1597 seu
771 1554 877 1598 falso
916 1555 1164 1610 interposita
1202 1556 1455 1600 Seleucenos
1483 1558 1641 1612 primos

220 1621 382 1676 rupisse
412 1622 538 1664 fidem
558 1657 568 1674 ,
607 1623 832 1665 devastata
863 1629 988 1677 atque
1020 1624 1193 1667 incensa
1223 1631 1298 1678 est,
1327 1626 1645 1681 quadringentis

310 1805 370 1849 66)
395 1804 453 1839 De
477 1805 548 1840 hoc
572 1806 708 1852 oppido
738 1806 837 1840 haud
861 1806 994 1851 exiguo
1021 1806 1066 1840 ef.
1095 1805 1265 1841 Strabon.
1280 1806 1384 1851 XVI,
1406 1807 1481 1841 749.
1511 1808 1648 1852 Polyb.

219 1860 269 1904 V,
296 1862 354 1905 43,
381 1863 408 1897 l.
456 1863 618 1909 Appian.
641 1863 806 1898 Mithrid.
837 1864 912 1898 114.
961 1863 1054 1897 Plin.
1081 1863 1126 1907 V,
1151 1864 1206 1907 23,
1231 1864 1285 1897 82.
1333 1863 1410 1898 Jos.
1436 1865 1523 1899 Ant.
1540 1864 1648 1907 XIII,

225 1917 281 1961 16,
306 1919 340 1953 4.
386 1918 480 1954 Bell.
506 1920 592 1954 dud.
617 1920 646 1964 I,
667 1921 700 1965 5,
724 1920 755 1955 3.
787 1920 918 1962 Βίτων,
941 1920 1054 1955 Erdk.
1082 1924 1169 1955 tom.
1194 1920 1242 1963 X,
1266 1921 1331 1955 961
1358 1933 1435 1967 sqq.
1461 1921 1644 1956 Mannert.

221 1973 459 2021 Geographie
484 1977 549 2027 der
571 1977 637 2013 Gr.
660 1990 695 2012 u.
719 1978 822 2013 Rom.
849 1978 914 2022 VI,
941 1981 970 2022 i,
989 1991 1024 2024 p.
1048 1979 1117 2013 504
1145 1991 1198 2024 sq.

314 2045 373 2090 67)
402 2046 475 2081 Dio
510 2045 610 2083 Cass.
635 2047 785 2092 LXXI,
817 2048 850 2083 2.
873 2048 947 2083 Jul.
977 2048 1097 2094 Capit.
1120 2050 1158 2082 in
1183 2048 1279 2083 Vero
1304 2048 1334 2083 8.
1361 2049 1513 2094 Eutrop.
1537 2048 1640 2093 VIII,

222 2102 275 2136 10.
326 2102 413 2138 Rus.
446 2104 546 2139 brev,
582 2105 638 2140 21.
686 2105 790 2140 Paul.
825 2105 927 2140 Oros.
955 2106 1048 2148 VII,
1079 2107 1137 2150 15,
1169 2106 1232 2151 qui
1256 2110 1379 2141 tamen
1403 2111 1509 2150 errat,
1533 2107 1562 2140 si
1588 2106 1648 2141 Se-

220 2159 378 2194 leuciam
416 2173 551 2207 „supra
580 2162 789 2208 Hydaspen
824 2162 998 2197 fluvium“
1024 2163 1132 2197 sitam
1158 2162 1257 2197 dicit.
1280 2163 1463 2198 Ammian.
1489 2162 1650 2203 Marcell,

221 2216 368 2262 XXIII,
401 2218 440 2263 6,
482 2218 549 2264 24,
598 2219 752 2264 XXIV,
787 2220 823 2262 5,
846 2220 879 2255 3.
941 2219 1069 2254 Aurel.
1104 2219 1201 2255 Vict.
1229 2220 1342 2263 XIII,
1370 2220 1424 2254 16.
1488 2219 1646 2255 Clessius

220 2273 371 2320 (Pauly,
395 2274 439 2310 R.
465 2276 508 2311 E.
537 2276 603 2321 VI,
632 2278 714 2321 952)
739 2288 786 2311 an
814 2276 984 2312 Seleucia
1006 2277 1115 2323 plane
1140 2287 1162 2310 a
1193 2277 1235 2310 L.
1266 2277 1350 2311 Veri
1374 2277 1498 2322 legato
1523 2287 1647 2312 eversa

220 2331 270 2366 sit
303 2332 468 2376 dubitat,
496 2333 616 2378 Rufo,
646 2334 843 2380 Eutropio,
881 2334 983 2369 Julio
1027 2333 1236 2379 Capitolino
1261 2337 1297 2368 et
1321 2333 1402 2368 aliis
1427 2345 1499 2368 non
1523 2334 1646 2379 magni

221 2387 307 2424 fidei
331 2389 573 2435 scriptoribus
597 2391 713 2425 nixus.
761 2392 814 2425 At
837 2391 1088 2426 testimonium
1117 2390 1305 2425 Ammiani
1329 2390 1551 2433 Marcellini,
1583 2391 1645 2436 qni

222 2446 301 2491 ipse
323 2446 427 2482 urbis
455 2447 581 2483 ruinas
603 2448 697 2482 vidit
723 2448 1034 2494 disertissimeque
1060 2447 1261 2482 Seleuciam
1286 2448 1454 2482 incendio
1479 2447 1645 2481 funditus

223 2514 386 2539 eversam
414 2515 492 2540 esse
521 2505 668 2549 scribit,
699 2505 846 2540 illorum
881 2506 1118 2540 mediocrium
1151 2505 1368 2550 scriptorum
1393 2504 1646 2538 auctoritatem

223 2565 384 2607 superat.
410 2562 585 2606 Accedit,
610 2563 709 2609 quod
735 2562 808 2597 Dio
833 2562 933 2597 Cass.
957 2562 978 2596 l.
1006 2562 1027 2596 l.
1053 2562 1179 2596 eodem
1205 2562 1312 2595 modo
1337 2562 1500 2596 desertae
1521 2573 1563 2595 ac
1590 2562 1647 2596 de-

223 2622 390 2653 vastatae
411 2619 516 2654 urbis
538 2621 760 2655 mentionem
784 2619 907 2664 injicit
931 2618 987 2652 his
1015 2618 1156 2653 verbis:
1190 2613 1272 2662 „viv
1295 2630 1330 2650 τε
1355 2617 1552 2650 Σελεύκειαν
1577 2618 1647 2651 διό-

225 2678 371 2720 φθειρεν
395 2677 589 2721 ἐμπρήσαςιι
617 2682 654 2712 et
677 2678 752 2712 alio
779 2676 860 2711 loco
887 2679 1015 2717 ταχέως
1038 2672 1099 2717 τήν
1123 2688 1157 2707 τε
1187 2674 1390 2707 Σελεύκειαν
1414 2676 1470 2706 καὶ
1496 2675 1556 2718 ’τὴν
1572 2676 1649 2707 Βα-

222 2732 361 2775 βυλῶνα
385 2735 622 2779 έκλειφθείσας
647 2735 780 2777 ἓλαβε.“
