<?xml version="1.0" encoding="UTF-8"?>
<!DOCTYPE html PUBLIC "-//W3C//DTD XHTML 1.0 Transitional//EN"
    "http://www.w3.org/TR/xhtml1/DTD/xhtml1-transitional.dtd">
<html xmlns="http://www.w3.org/1999/xhtml" xml:lang="en" lang="en">
 <head>
  <title>
</title>
<meta http-equiv="Content-Type" content="text/html;charset=utf-8" />
  <meta name='ocr-system' content='tesseract 3.04.00' />
  <meta name='ocr-capabilities' content='ocr_page ocr_carea ocr_par ocr_line ocrx_word'/>
</head>
<body>
  <div class='ocr_page' id='page_1' title='image "./deseleuciababylo00fabiuoft_0047.png"; bbox 0 0 1955 3262; ppageno 0'>
   <div class='ocr_carea' id='block_1_1' title="bbox 750 322 1029 365">
    <p class='ocr_par' dir='ltr' id='par_1_1' title="bbox 750 322 1029 365">
     <span class='ocr_line' id='line_1_1' title="bbox 750 322 1029 365; baseline 0.004 -12"><span class='ocrx_word' id='word_1_1' title='bbox 750 322 1029 365; x_wconf 63' lang='lat'>-41-</span> 
     </span>
    </p>
   </div>
   <div class='ocr_carea' id='block_1_2' title="bbox 183 433 1616 2061">
    <p class='ocr_par' dir='ltr' id='par_1_2' title="bbox 183 433 1614 1661">
     <span class='ocr_line' id='line_1_2' title="bbox 186 433 1607 494; baseline 0.004 -16"><span class='ocrx_word' id='word_1_2' title='bbox 186 435 345 478; x_wconf 88' lang='lat' dir='ltr'>nemini</span> <span class='ocrx_word' id='word_1_3' title='bbox 373 433 525 477; x_wconf 89' lang='lat' dir='ltr'>mirum</span> <span class='ocrx_word' id='word_1_4' title='bbox 556 435 773 479; x_wconf 69' lang='lat' dir='ltr'>w‘debitur.</span> <span class='ocrx_word' id='word_1_5' title='bbox 833 437 1090 479; x_wconf 79' lang='lat' dir='ltr'>Mei-catores</span> <span class='ocrx_word' id='word_1_6' title='bbox 1121 436 1226 480; x_wconf 90' lang='lat' dir='ltr'>alias</span> <span class='ocrx_word' id='word_1_7' title='bbox 1253 437 1344 481; x_wconf 80' lang='lat' dir='ltr'>vias</span> <span class='ocrx_word' id='word_1_8' title='bbox 1372 438 1449 482; x_wconf 89' lang='lat' dir='ltr'>sibi</span> <span class='ocrx_word' id='word_1_9' title='bbox 1481 452 1607 494; x_wconf 88' lang='lat' dir='ltr'>quae-</span> 
     </span>
     <span class='ocr_line' id='line_1_3' title="bbox 184 504 1614 564; baseline 0.003 -17"><span class='ocrx_word' id='word_1_10' title='bbox 184 504 334 547; x_wconf 85' lang='lat' dir='ltr'>rebant</span> <span class='ocrx_word' id='word_1_11' title='bbox 364 510 405 547; x_wconf 87' lang='lat' dir='ltr'>et</span> <span class='ocrx_word' id='word_1_12' title='bbox 435 518 596 547; x_wconf 78' lang='lat' dir='ltr'>merces</span> <span class='ocrx_word' id='word_1_13' title='bbox 628 517 727 547; x_wconf 87' lang='lat' dir='ltr'>suas</span> <span class='ocrx_word' id='word_1_14' title='bbox 759 505 943 548; x_wconf 82' lang='lat' dir='ltr'>maxime</span> <span class='ocrx_word' id='word_1_15' title='bbox 973 505 1140 548; x_wconf 84' lang='lat' dir='ltr'>Indicas</span> <span class='ocrx_word' id='word_1_16' title='bbox 1173 511 1214 549; x_wconf 91' lang='lat' dir='ltr'>et</span> <span class='ocrx_word' id='word_1_17' title='bbox 1240 507 1442 551; x_wconf 81' lang='lat' dir='ltr'>Arabicas</span> <span class='ocrx_word' id='word_1_18' title='bbox 1476 509 1614 564; x_wconf 85' lang='lat' dir='ltr'>Baby-</span> 
     </span>
     <span class='ocr_line' id='line_1_4' title="bbox 185 572 1612 631; baseline 0.003 -15"><span class='ocrx_word' id='word_1_19' title='bbox 185 572 430 626; x_wconf 84' lang='lat' dir='ltr'>lonicasque</span> <span class='ocrx_word' id='word_1_20' title='bbox 447 586 522 628; x_wconf 87' lang='lat' dir='ltr'>per</span> <span class='ocrx_word' id='word_1_21' title='bbox 550 573 795 629; x_wconf 71' lang='lat' dir='ltr'>Palmyram</span> <span class='ocrx_word' id='word_1_22' title='bbox 819 580 859 617; x_wconf 90' lang='lat' dir='ltr'>et</span> <span class='ocrx_word' id='word_1_23' title='bbox 870 574 1173 617; x_wconf 82' lang='lat' dir='ltr'>Alexandriam</span> <span class='ocrx_word' id='word_1_24' title='bbox 1196 577 1612 631; x_wconf 82' lang='lat' dir='ltr'>transportabant.³⁰)</span> 
     </span>
     <span class='ocr_line' id='line_1_5' title="bbox 186 641 1611 699; baseline 0.004 -16"><span class='ocrx_word' id='word_1_25' title='bbox 186 641 254 683; x_wconf 83' lang='lat' dir='ltr'>Ex</span> <span class='ocrx_word' id='word_1_26' title='bbox 284 642 624 697; x_wconf 78' lang='lat' dir='ltr'>inscriptionibus</span> <span class='ocrx_word' id='word_1_27' title='bbox 643 644 692 687; x_wconf 71' lang='lat'>¹⁰)</span> <span class='ocrx_word' id='word_1_28' title='bbox 722 643 925 698; x_wconf 83' lang='lat' dir='ltr'>videmus,</span> <span class='ocrx_word' id='word_1_29' title='bbox 960 645 1238 699; x_wconf 71' lang='lat' dir='ltr'>Palmyrenos</span> <span class='ocrx_word' id='word_1_30' title='bbox 1260 649 1513 688; x_wconf 81' lang='lat' dir='ltr'>mercatores</span> <span class='ocrx_word' id='word_1_31' title='bbox 1537 646 1611 689; x_wconf 87' lang='lat' dir='ltr'>Se-</span> 
     </span>
     <span class='ocr_line' id='line_1_6' title="bbox 185 710 1612 767; baseline 0.004 -15"><span class='ocrx_word' id='word_1_32' title='bbox 185 710 365 754; x_wconf 86' lang='lat' dir='ltr'>leuciam</span> <span class='ocrx_word' id='word_1_33' title='bbox 381 712 438 763; x_wconf 62' lang='grc'>41)</span> <span class='ocrx_word' id='word_1_34' title='bbox 468 712 605 766; x_wconf 88' lang='lat' dir='ltr'>ipsam</span> <span class='ocrx_word' id='word_1_35' title='bbox 637 724 721 753; x_wconf 89' lang='lat' dir='ltr'>non</span> <span class='ocrx_word' id='word_1_36' title='bbox 739 711 894 765; x_wconf 85' lang='lat' dir='ltr'>adisse,</span> <span class='ocrx_word' id='word_1_37' title='bbox 924 712 1000 754; x_wconf 89' lang='lat' dir='ltr'>sed</span> <span class='ocrx_word' id='word_1_38' title='bbox 1017 713 1283 767; x_wconf 84' lang='lat' dir='ltr'>Vologesiae,</span> <span class='ocrx_word' id='word_1_39' title='bbox 1314 727 1441 767; x_wconf 89' lang='lat' dir='ltr'>quam</span> <span class='ocrx_word' id='word_1_40' title='bbox 1467 715 1612 757; x_wconf 90' lang='lat' dir='ltr'>urbem</span> 
     </span>
     <span class='ocr_line' id='line_1_7' title="bbox 186 779 1612 836; baseline 0.003 -14"><span class='ocrx_word' id='word_1_41' title='bbox 186 779 347 823; x_wconf 89' lang='lat' dir='ltr'>Plinius</span> <span class='ocrx_word' id='word_1_42' title='bbox 382 780 757 834; x_wconf 82' lang='lat' dir='ltr'>Vologesoeertam</span> <span class='ocrx_word' id='word_1_43' title='bbox 775 780 828 830; x_wconf 72' lang='lat'>⁴2)</span> <span class='ocrx_word' id='word_1_44' title='bbox 873 781 1078 836; x_wconf 85' lang='lat' dir='ltr'>appellat,</span> <span class='ocrx_word' id='word_1_45' title='bbox 1133 781 1379 825; x_wconf 83' lang='lat' dir='ltr'>substitisse.</span> <span class='ocrx_word' id='word_1_46' title='bbox 1393 783 1446 834; x_wconf 61' lang='lat'>4³)</span> <span class='ocrx_word' id='word_1_47' title='bbox 1520 783 1612 826; x_wconf 87' lang='lat' dir='ltr'>Sita</span> 
     </span>
     <span class='ocr_line' id='line_1_8' title="bbox 187 849 1612 904; baseline 0.004 -14"><span class='ocrx_word' id='word_1_48' title='bbox 187 854 278 891; x_wconf 89' lang='lat' dir='ltr'>erat</span> <span class='ocrx_word' id='word_1_49' title='bbox 305 849 535 903; x_wconf 85' lang='lat' dir='ltr'>Vologesia</span> <span class='ocrx_word' id='word_1_50' title='bbox 565 849 620 891; x_wconf 89' lang='lat' dir='ltr'>ad</span> <span class='ocrx_word' id='word_1_51' title='bbox 648 849 919 904; x_wconf 81' lang='lat' dir='ltr'>Euphratem,</span> <span class='ocrx_word' id='word_1_52' title='bbox 952 862 1084 904; x_wconf 87' lang='lat' dir='ltr'>prope</span> <span class='ocrx_word' id='word_1_53' title='bbox 1112 850 1385 904; x_wconf 79' lang='lat' dir='ltr'>Babylonem,</span> <span class='ocrx_word' id='word_1_54' title='bbox 1417 855 1500 894; x_wconf 86' lang='lat' dir='ltr'>eta</span> <span class='ocrx_word' id='word_1_55' title='bbox 1520 852 1612 895; x_wconf 88' lang='lat' dir='ltr'>Cte-</span> 
     </span>
     <span class='ocr_line' id='line_1_9' title="bbox 186 916 1611 972; baseline 0.003 -12"><span class='ocrx_word' id='word_1_56' title='bbox 186 916 384 972; x_wconf 89' lang='lat' dir='ltr'>siphonte</span> <span class='ocrx_word' id='word_1_57' title='bbox 415 918 539 960; x_wconf 89' lang='lat' dir='ltr'>unius</span> <span class='ocrx_word' id='word_1_58' title='bbox 566 918 633 960; x_wconf 78' lang='lat' dir='ltr'>vel</span> <span class='ocrx_word' id='word_1_59' title='bbox 666 918 844 960; x_wconf 89' lang='lat' dir='ltr'>duorum</span> <span class='ocrx_word' id='word_1_60' title='bbox 876 923 1040 960; x_wconf 87' lang='lat' dir='ltr'>tantum</span> <span class='ocrx_word' id='word_1_61' title='bbox 1063 919 1224 961; x_wconf 88' lang='lat' dir='ltr'>dierum</span> <span class='ocrx_word' id='word_1_62' title='bbox 1250 919 1395 962; x_wconf 89' lang='lat' dir='ltr'>itinere</span> <span class='ocrx_word' id='word_1_63' title='bbox 1418 921 1611 964; x_wconf 90' lang='lat' dir='ltr'>distabat.</span> 
     </span>
     <span class='ocr_line' id='line_1_10' title="bbox 185 984 1611 1044; baseline 0.004 -18"><span class='ocrx_word' id='word_1_64' title='bbox 185 984 334 1028; x_wconf 86' lang='lat' dir='ltr'>Facile</span> <span class='ocrx_word' id='word_1_65' title='bbox 363 986 460 1029; x_wconf 91' lang='lat' dir='ltr'>inde</span> <span class='ocrx_word' id='word_1_66' title='bbox 490 987 777 1041; x_wconf 84' lang='lat' dir='ltr'>negotiatores</span> <span class='ocrx_word' id='word_1_67' title='bbox 810 987 1046 1030; x_wconf 82' lang='lat' dir='ltr'>Seleuciam</span> <span class='ocrx_word' id='word_1_68' title='bbox 1077 988 1263 1042; x_wconf 83' lang='lat' dir='ltr'>migrare</span> <span class='ocrx_word' id='word_1_69' title='bbox 1295 993 1501 1044; x_wconf 81' lang='lat' dir='ltr'>poterant,</span> <span class='ocrx_word' id='word_1_70' title='bbox 1533 993 1611 1032; x_wconf 88' lang='lat' dir='ltr'>tuti</span> 
     </span>
     <span class='ocr_line' id='line_1_11' title="bbox 187 1055 1611 1112; baseline 0.001 -14"><span class='ocrx_word' id='word_1_71' title='bbox 187 1068 215 1098; x_wconf 88' lang='lat' dir='ltr'>a</span> <span class='ocrx_word' id='word_1_72' title='bbox 243 1056 455 1099; x_wconf 88' lang='lat' dir='ltr'>latronum</span> <span class='ocrx_word' id='word_1_73' title='bbox 485 1055 659 1099; x_wconf 80' lang='lat' dir='ltr'>insidiis.</span> <span class='ocrx_word' id='word_1_74' title='bbox 704 1057 960 1098; x_wconf 88' lang='lat' dir='ltr'>Mercatores</span> <span class='ocrx_word' id='word_1_75' title='bbox 989 1056 1233 1112; x_wconf 72' lang='lat' dir='ltr'>Palmyreni</span> <span class='ocrx_word' id='word_1_76' title='bbox 1254 1057 1400 1100; x_wconf 86' lang='lat' dir='ltr'>Indiae</span> <span class='ocrx_word' id='word_1_77' title='bbox 1421 1064 1461 1100; x_wconf 88' lang='lat' dir='ltr'>et</span> <span class='ocrx_word' id='word_1_78' title='bbox 1480 1058 1611 1112; x_wconf 89' lang='lat' dir='ltr'>ipsius</span> 
     </span>
     <span class='ocr_line' id='line_1_12' title="bbox 187 1124 1607 1180; baseline 0.001 -14"><span class='ocrx_word' id='word_1_79' title='bbox 187 1129 233 1167; x_wconf 86' lang='lat' dir='ltr'>ut.</span> <span class='ocrx_word' id='word_1_80' title='bbox 258 1124 423 1167; x_wconf 60' lang='lat' dir='ltr'>videtur</span> <span class='ocrx_word' id='word_1_81' title='bbox 454 1124 615 1167; x_wconf 88' lang='lat' dir='ltr'>Chinae</span> <span class='ocrx_word' id='word_1_82' title='bbox 626 1126 664 1177; x_wconf 55' lang='lat'>²3)</span> <span class='ocrx_word' id='word_1_83' title='bbox 679 1157 691 1178; x_wconf 92' lang='lat'>,</span> <span class='ocrx_word' id='word_1_84' title='bbox 720 1125 790 1167; x_wconf 88' lang='lat' dir='ltr'>ubi</span> <span class='ocrx_word' id='word_1_85' title='bbox 817 1125 975 1167; x_wconf 84' lang='lat' dir='ltr'>sericae</span> <span class='ocrx_word' id='word_1_86' title='bbox 1005 1130 1143 1168; x_wconf 85' lang='lat' dir='ltr'>vestes</span> <span class='ocrx_word' id='word_1_87' title='bbox 1176 1127 1321 1169; x_wconf 83' lang='lat' dir='ltr'>confici</span> <span class='ocrx_word' id='word_1_88' title='bbox 1351 1126 1607 1180; x_wconf 81' lang='lat' dir='ltr'>dicebantur,</span> 
     </span>
     <span class='ocr_line' id='line_1_13' title="bbox 187 1193 1613 1249; baseline 0.001 -14"><span class='ocrx_word' id='word_1_89' title='bbox 187 1205 360 1247; x_wconf 89' lang='lat' dir='ltr'>merces,</span> <span class='ocrx_word' id='word_1_90' title='bbox 390 1205 499 1246; x_wconf 89' lang='lat' dir='ltr'>quae</span> <span class='ocrx_word' id='word_1_91' title='bbox 529 1193 790 1247; x_wconf 74' lang='lat' dir='ltr'>Vologesiae</span> <span class='ocrx_word' id='word_1_92' title='bbox 821 1198 861 1235; x_wconf 88' lang='lat' dir='ltr'>et</span> <span class='ocrx_word' id='word_1_93' title='bbox 888 1193 1107 1236; x_wconf 85' lang='lat' dir='ltr'>Seleuciae</span> <span class='ocrx_word' id='word_1_94' title='bbox 1127 1197 1379 1249; x_wconf 83' lang='lat' dir='ltr'>eo‘e&#39;merant,</span> <span class='ocrx_word' id='word_1_95' title='bbox 1408 1194 1613 1237; x_wconf 77' lang='lat' dir='ltr'>Romanis</span> 
     </span>
     <span class='ocr_line' id='line_1_14' title="bbox 187 1261 1611 1317; baseline 0 -13"><span class='ocrx_word' id='word_1_96' title='bbox 187 1261 363 1314; x_wconf 83' lang='lat' dir='ltr'>aliisque</span> <span class='ocrx_word' id='word_1_97' title='bbox 390 1261 722 1316; x_wconf 83' lang='lat' dir='ltr'>negotiatoribus</span> <span class='ocrx_word' id='word_1_98' title='bbox 757 1275 840 1304; x_wconf 90' lang='lat' dir='ltr'>non</span> <span class='ocrx_word' id='word_1_99' title='bbox 871 1262 961 1304; x_wconf 90' lang='lat' dir='ltr'>sine</span> <span class='ocrx_word' id='word_1_100' title='bbox 993 1276 1149 1317; x_wconf 82' lang='lat' dir='ltr'>magno</span> <span class='ocrx_word' id='word_1_101' title='bbox 1180 1262 1295 1305; x_wconf 89' lang='lat' dir='ltr'>luero</span> <span class='ocrx_word' id='word_1_102' title='bbox 1326 1263 1476 1305; x_wconf 91' lang='lat' dir='ltr'>iterum</span> <span class='ocrx_word' id='word_1_103' title='bbox 1513 1276 1611 1305; x_wconf 92' lang='lat' dir='ltr'>ven-</span> 
     </span>
     <span class='ocr_line' id='line_1_15' title="bbox 187 1330 1612 1386; baseline 0 -14"><span class='ocrx_word' id='word_1_104' title='bbox 187 1330 354 1373; x_wconf 86' lang='lat' dir='ltr'>debant.</span> <span class='ocrx_word' id='word_1_105' title='bbox 414 1331 644 1373; x_wconf 88' lang='lat' dir='ltr'>Praeterea</span> <span class='ocrx_word' id='word_1_106' title='bbox 683 1335 846 1386; x_wconf 77' lang='lat' dir='ltr'>autem,</span> <span class='ocrx_word' id='word_1_107' title='bbox 884 1344 978 1373; x_wconf 86' lang='lat' dir='ltr'>cum</span> <span class='ocrx_word' id='word_1_108' title='bbox 1021 1331 1130 1373; x_wconf 88' lang='lat' dir='ltr'>bella</span> <span class='ocrx_word' id='word_1_109' title='bbox 1165 1331 1273 1374; x_wconf 88' lang='lat' dir='ltr'>inter</span> <span class='ocrx_word' id='word_1_110' title='bbox 1313 1332 1530 1374; x_wconf 87' lang='lat' dir='ltr'>Romanos</span> <span class='ocrx_word' id='word_1_111' title='bbox 1571 1335 1612 1372; x_wconf 86' lang='lat' dir='ltr'>et</span> 
     </span>
     <span class='ocr_line' id='line_1_16' title="bbox 186 1398 1606 1454; baseline 0 -12"><span class='ocrx_word' id='word_1_112' title='bbox 186 1398 371 1442; x_wconf 87' lang='lat' dir='ltr'>Parthos</span> <span class='ocrx_word' id='word_1_113' title='bbox 405 1398 604 1441; x_wconf 86' lang='lat' dir='ltr'>durarent</span> <span class='ocrx_word' id='word_1_114' title='bbox 633 1398 806 1442; x_wconf 87' lang='lat' dir='ltr'>Indicae</span> <span class='ocrx_word' id='word_1_115' title='bbox 836 1412 996 1441; x_wconf 87' lang='lat' dir='ltr'>merces</span> <span class='ocrx_word' id='word_1_116' title='bbox 1027 1413 1103 1454; x_wconf 89' lang='lat' dir='ltr'>per</span> <span class='ocrx_word' id='word_1_117' title='bbox 1125 1399 1429 1442; x_wconf 85' lang='lat' dir='ltr'>Alexandriam</span> <span class='ocrx_word' id='word_1_118' title='bbox 1460 1400 1502 1442; x_wconf 90' lang='lat' dir='ltr'>in</span> <span class='ocrx_word' id='word_1_119' title='bbox 1524 1399 1606 1441; x_wconf 87' lang='lat' dir='ltr'>Eu-</span> 
     </span>
     <span class='ocr_line' id='line_1_17' title="bbox 183 1467 1613 1523; baseline -0.001 -12"><span class='ocrx_word' id='word_1_120' title='bbox 183 1480 335 1523; x_wconf 90' lang='lat' dir='ltr'>ropam</span> <span class='ocrx_word' id='word_1_121' title='bbox 369 1467 762 1510; x_wconf 84' lang='lat' dir='ltr'>transvehebantur.</span> <span class='ocrx_word' id='word_1_122' title='bbox 852 1467 1006 1511; x_wconf 86' lang='lat' dir='ltr'>Strabo</span> <span class='ocrx_word' id='word_1_123' title='bbox 1021 1470 1074 1519; x_wconf 58' lang='grc'>44)</span> <span class='ocrx_word' id='word_1_124' title='bbox 1125 1468 1246 1511; x_wconf 89' lang='lat' dir='ltr'>nobis</span> <span class='ocrx_word' id='word_1_125' title='bbox 1277 1468 1471 1523; x_wconf 85' lang='lat' dir='ltr'>tradidit,</span> <span class='ocrx_word' id='word_1_126' title='bbox 1512 1480 1613 1521; x_wconf 89' lang='lat' dir='ltr'>quo-</span> 
     </span>
     <span class='ocr_line' id='line_1_18' title="bbox 184 1536 1613 1592; baseline 0.001 -11"><span class='ocrx_word' id='word_1_127' title='bbox 184 1537 324 1581; x_wconf 87' lang='lat' dir='ltr'>tannis</span> <span class='ocrx_word' id='word_1_128' title='bbox 351 1550 436 1580; x_wconf 91' lang='lat' dir='ltr'>non</span> <span class='ocrx_word' id='word_1_129' title='bbox 468 1537 658 1592; x_wconf 86' lang='lat' dir='ltr'>singulas</span> <span class='ocrx_word' id='word_1_130' title='bbox 688 1549 832 1588; x_wconf 86' lang='lat' dir='ltr'>naves,</span> <span class='ocrx_word' id='word_1_131' title='bbox 864 1536 941 1579; x_wconf 90' lang='lat' dir='ltr'>sed</span> <span class='ocrx_word' id='word_1_132' title='bbox 972 1537 1159 1592; x_wconf 81' lang='lat' dir='ltr'>integras</span> <span class='ocrx_word' id='word_1_133' title='bbox 1175 1537 1331 1580; x_wconf 81' lang='lat' dir='ltr'>classes</span> <span class='ocrx_word' id='word_1_134' title='bbox 1359 1550 1411 1580; x_wconf 81' lang='lat' dir='ltr'>ex</span> <span class='ocrx_word' id='word_1_135' title='bbox 1433 1538 1613 1584; x_wconf 79' lang='lat' dir='ltr'>Arabico</span> 
     </span>
     <span class='ocr_line' id='line_1_19' title="bbox 189 1605 1390 1661; baseline -0.002 -11"><span class='ocrx_word' id='word_1_136' title='bbox 189 1606 283 1650; x_wconf 86' lang='lat' dir='ltr'>sinu</span> <span class='ocrx_word' id='word_1_137' title='bbox 312 1606 525 1650; x_wconf 84' lang='lat' dir='ltr'>solventes</span> <span class='ocrx_word' id='word_1_138' title='bbox 553 1605 703 1648; x_wconf 89' lang='lat' dir='ltr'>Indiae</span> <span class='ocrx_word' id='word_1_139' title='bbox 733 1619 828 1649; x_wconf 89' lang='lat' dir='ltr'>oras</span> <span class='ocrx_word' id='word_1_140' title='bbox 859 1605 1027 1661; x_wconf 86' lang='lat' dir='ltr'>petisse.</span> <span class='ocrx_word' id='word_1_141' title='bbox 1382 1643 1390 1648; x_wconf 91' lang='lat'>.</span> 
     </span>
    </p>

    <p class='ocr_par' dir='ltr' id='par_1_3' title="bbox 187 1673 1616 2004">
     <span class='ocr_line' id='line_1_20' title="bbox 299 1673 1612 1730; baseline -0.001 -12"><span class='ocrx_word' id='word_1_142' title='bbox 299 1676 475 1718; x_wconf 84' lang='lat' dir='ltr'>Praeter</span> <span class='ocrx_word' id='word_1_143' title='bbox 505 1675 621 1717; x_wconf 90' lang='lat' dir='ltr'>illam</span> <span class='ocrx_word' id='word_1_144' title='bbox 653 1675 788 1730; x_wconf 83' lang='lat' dir='ltr'>viam,</span> <span class='ocrx_word' id='word_1_145' title='bbox 831 1688 941 1728; x_wconf 87' lang='lat' dir='ltr'>quae</span> <span class='ocrx_word' id='word_1_146' title='bbox 971 1688 1046 1730; x_wconf 88' lang='lat' dir='ltr'>per</span> <span class='ocrx_word' id='word_1_147' title='bbox 1078 1673 1387 1717; x_wconf 85' lang='lat' dir='ltr'>mediterranea</span> <span class='ocrx_word' id='word_1_148' title='bbox 1416 1675 1612 1730; x_wconf 87' lang='lat' dir='ltr'>Mesopo-</span> 
     </span>
     <span class='ocr_line' id='line_1_21' title="bbox 187 1743 1611 1798; baseline 0.001 -12"><span class='ocrx_word' id='word_1_149' title='bbox 187 1743 345 1787; x_wconf 88' lang='lat' dir='ltr'>tamiae</span> <span class='ocrx_word' id='word_1_150' title='bbox 376 1757 510 1798; x_wconf 88' lang='lat' dir='ltr'>usque</span> <span class='ocrx_word' id='word_1_151' title='bbox 542 1744 598 1786; x_wconf 88' lang='lat' dir='ltr'>ad</span> <span class='ocrx_word' id='word_1_152' title='bbox 629 1758 724 1787; x_wconf 90' lang='lat' dir='ltr'>oras</span> <span class='ocrx_word' id='word_1_153' title='bbox 756 1744 885 1786; x_wconf 88' lang='lat' dir='ltr'>maris</span> <span class='ocrx_word' id='word_1_154' title='bbox 918 1743 1069 1786; x_wconf 87' lang='lat' dir='ltr'>interni</span> <span class='ocrx_word' id='word_1_155' title='bbox 1095 1743 1285 1798; x_wconf 86' lang='lat' dir='ltr'>ducebat,</span> <span class='ocrx_word' id='word_1_156' title='bbox 1316 1744 1400 1786; x_wconf 90' lang='lat' dir='ltr'>alia</span> <span class='ocrx_word' id='word_1_157' title='bbox 1429 1757 1611 1787; x_wconf 86' lang='lat' dir='ltr'>comme-</span> 
     </span>
     <span class='ocr_line' id='line_1_22' title="bbox 193 1812 1616 1869; baseline 0 -13"><span class='ocrx_word' id='word_1_158' title='bbox 193 1819 402 1869; x_wconf 85' lang='lat' dir='ltr'>moratur,</span> <span class='ocrx_word' id='word_1_159' title='bbox 437 1826 547 1867; x_wconf 88' lang='lat' dir='ltr'>qnae</span> <span class='ocrx_word' id='word_1_160' title='bbox 575 1826 650 1868; x_wconf 87' lang='lat' dir='ltr'>per</span> <span class='ocrx_word' id='word_1_161' title='bbox 687 1813 843 1855; x_wconf 89' lang='lat' dir='ltr'>flumen</span> <span class='ocrx_word' id='word_1_162' title='bbox 884 1812 1045 1867; x_wconf 85' lang='lat' dir='ltr'>Tigrim</span> <span class='ocrx_word' id='word_1_163' title='bbox 1084 1817 1125 1854; x_wconf 89' lang='lat' dir='ltr'>et</span> <span class='ocrx_word' id='word_1_164' title='bbox 1163 1812 1308 1854; x_wconf 90' lang='lat' dir='ltr'>urbem</span> <span class='ocrx_word' id='word_1_165' title='bbox 1355 1812 1519 1855; x_wconf 79' lang='lat' dir='ltr'>Nisibin</span> <span class='ocrx_word' id='word_1_166' title='bbox 1551 1826 1616 1856; x_wconf 87' lang='lat' dir='ltr'>us-</span> 
     </span>
     <span class='ocr_line' id='line_1_23' title="bbox 191 1880 1587 1936; baseline -0.001 -12"><span class='ocrx_word' id='word_1_167' title='bbox 191 1894 275 1936; x_wconf 86' lang='lat' dir='ltr'>que</span> <span class='ocrx_word' id='word_1_168' title='bbox 324 1880 381 1923; x_wconf 91' lang='lat' dir='ltr'>ad</span> <span class='ocrx_word' id='word_1_169' title='bbox 421 1881 603 1925; x_wconf 86' lang='lat' dir='ltr'>Carrhas</span> <span class='ocrx_word' id='word_1_170' title='bbox 652 1881 832 1936; x_wconf 87' lang='lat' dir='ltr'>ferebat,</span> <span class='ocrx_word' id='word_1_171' title='bbox 886 1881 955 1924; x_wconf 90' lang='lat' dir='ltr'>ubi</span> <span class='ocrx_word' id='word_1_172' title='bbox 996 1894 1088 1923; x_wconf 89' lang='lat' dir='ltr'>cum</span> <span class='ocrx_word' id='word_1_173' title='bbox 1120 1881 1272 1935; x_wconf 88' lang='lat' dir='ltr'>altera,</span> <span class='ocrx_word' id='word_1_174' title='bbox 1314 1881 1432 1935; x_wconf 87' lang='lat' dir='ltr'>eujus</span> <span class='ocrx_word' id='word_1_175' title='bbox 1461 1881 1587 1923; x_wconf 89' lang='lat' dir='ltr'>modo</span> 
     </span>
     <span class='ocr_line' id='line_1_24' title="bbox 192 1949 1086 2004; baseline -0.002 -11"><span class='ocrx_word' id='word_1_176' title='bbox 192 1950 448 1993; x_wconf 87' lang='lat' dir='ltr'>mentionem</span> <span class='ocrx_word' id='word_1_177' title='bbox 479 1949 570 2004; x_wconf 76' lang='lat' dir='ltr'>feci,</span> <span class='ocrx_word' id='word_1_178' title='bbox 605 1963 699 1992; x_wconf 89' lang='lat' dir='ltr'>sese</span> <span class='ocrx_word' id='word_1_179' title='bbox 729 1949 1086 2004; x_wconf 56' lang='lat' dir='ltr'>conjungebaffl)</span> 
     </span>
    </p>

    <p class='ocr_par' dir='ltr' id='par_1_4' title="bbox 299 2018 1614 2061">
     <span class='ocr_line' id='line_1_25' title="bbox 299 2018 1614 2061; baseline -0.002 -1"><span class='ocrx_word' id='word_1_180' title='bbox 299 2018 584 2061; x_wconf 87' lang='lat' dir='ltr'>Mereaturam</span> <span class='ocrx_word' id='word_1_181' title='bbox 631 2018 724 2061; x_wconf 90' lang='lat' dir='ltr'>sine</span> <span class='ocrx_word' id='word_1_182' title='bbox 768 2018 894 2060; x_wconf 91' lang='lat' dir='ltr'>dubio</span> <span class='ocrx_word' id='word_1_183' title='bbox 944 2018 1155 2061; x_wconf 85' lang='lat' dir='ltr'>faciebant</span> <span class='ocrx_word' id='word_1_184' title='bbox 1201 2018 1475 2060; x_wconf 84' lang='lat' dir='ltr'>Seleucenses</span> <span class='ocrx_word' id='word_1_185' title='bbox 1520 2030 1614 2060; x_wconf 90' lang='lat' dir='ltr'>eum</span> 
     </span>
    </p>
   </div>
   <div class='ocr_carea' id='block_1_3' title="bbox 221 2105 468 2111">
    <p class='ocr_par' dir='ltr' id='par_1_5' title="bbox 221 2105 468 2111">
     <span class='ocr_line' id='line_1_26' title="bbox 221 2105 468 2111; baseline 0 0"><span class='ocrx_word' id='word_1_186' title='bbox 221 2105 468 2111; x_wconf 95' lang='lat' dir='ltr'> </span> 
     </span>
    </p>
   </div>
   <div class='ocr_carea' id='block_1_4' title="bbox 184 2129 1615 2807">
    <p class='ocr_par' dir='ltr' id='par_1_6' title="bbox 186 2129 1615 2235">
     <span class='ocr_line' id='line_1_27' title="bbox 282 2129 1615 2177; baseline -0.002 -10"><span class='ocrx_word' id='word_1_187' title='bbox 282 2132 340 2174; x_wconf 88' lang='grc'>39)</span> <span class='ocrx_word' id='word_1_188' title='bbox 365 2131 488 2166; x_wconf 84' lang='lat' dir='ltr'>Ritter</span> <span class='ocrx_word' id='word_1_189' title='bbox 521 2131 568 2174; x_wconf 87' lang='lat' dir='ltr'>X,</span> <span class='ocrx_word' id='word_1_190' title='bbox 601 2144 634 2177; x_wconf 94' lang='lat' dir='ltr'>p.</span> <span class='ocrx_word' id='word_1_191' title='bbox 675 2131 749 2166; x_wconf 90' lang='lat'><strong>133.</strong></span> <span class='ocrx_word' id='word_1_192' title='bbox 791 2129 923 2177; x_wconf 80' lang='lat' dir='ltr'>Pauly,</span> <span class='ocrx_word' id='word_1_193' title='bbox 962 2129 1133 2166; x_wconf 86' lang='lat' dir='ltr'>Realene.</span> <span class='ocrx_word' id='word_1_194' title='bbox 1177 2130 1243 2175; x_wconf 91' lang='lat' dir='ltr'>VI,</span> <span class='ocrx_word' id='word_1_195' title='bbox 1283 2132 1311 2165; x_wconf 93' lang='lat'>1.</span> <span class='ocrx_word' id='word_1_196' title='bbox 1351 2130 1427 2165; x_wconf 91' lang='lat'>949.</span> <span class='ocrx_word' id='word_1_197' title='bbox 1460 2130 1615 2173; x_wconf 87' lang='lat' dir='ltr'>Heeren,</span> 
     </span>
     <span class='ocr_line' id='line_1_28' title="bbox 186 2189 583 2235; baseline -0.01 -9"><span class='ocrx_word' id='word_1_198' title='bbox 186 2189 309 2235; x_wconf 83' lang='lat' dir='ltr'>Ideen,</span> <span class='ocrx_word' id='word_1_199' title='bbox 332 2190 362 2235; x_wconf 88' lang='lat' dir='ltr'>I,</span> <span class='ocrx_word' id='word_1_200' title='bbox 387 2190 419 2224; x_wconf 80' lang='grc'>2.</span> <span class='ocrx_word' id='word_1_201' title='bbox 445 2202 479 2235; x_wconf 90' lang='lat' dir='ltr'>p.</span> <span class='ocrx_word' id='word_1_202' title='bbox 507 2189 583 2223; x_wconf 67' lang='lat'>1⁵27.</span> 
     </span>
    </p>

    <p class='ocr_par' dir='ltr' id='par_1_7' title="bbox 186 2244 1614 2352">
     <span class='ocr_line' id='line_1_29' title="bbox 276 2244 1614 2293; baseline -0.001 -11"><span class='ocrx_word' id='word_1_203' title='bbox 276 2247 337 2293; x_wconf 84' lang='grc'>40)</span> <span class='ocrx_word' id='word_1_204' title='bbox 363 2247 519 2291; x_wconf 86' lang='lat' dir='ltr'>Heeren,</span> <span class='ocrx_word' id='word_1_205' title='bbox 545 2247 589 2281; x_wconf 86' lang='lat' dir='ltr'>de</span> <span class='ocrx_word' id='word_1_206' title='bbox 612 2246 838 2281; x_wconf 81' lang='lat' dir='ltr'>commerciis</span> <span class='ocrx_word' id='word_1_207' title='bbox 863 2246 965 2281; x_wconf 84' lang='lat' dir='ltr'>urbis</span> <span class='ocrx_word' id='word_1_208' title='bbox 990 2246 1185 2292; x_wconf 79' lang='lat' dir='ltr'>Palmyrae</span> <span class='ocrx_word' id='word_1_209' title='bbox 1210 2245 1246 2280; x_wconf 90' lang='lat' dir='ltr'>in</span> <span class='ocrx_word' id='word_1_210' title='bbox 1270 2245 1407 2280; x_wconf 86' lang='lat' dir='ltr'>Comm.</span> <span class='ocrx_word' id='word_1_211' title='bbox 1427 2255 1498 2280; x_wconf 86' lang='lat' dir='ltr'>soe.</span> <span class='ocrx_word' id='word_1_212' title='bbox 1525 2244 1614 2280; x_wconf 82' lang='lat' dir='ltr'>Got-</span> 
     </span>
     <span class='ocr_line' id='line_1_30' title="bbox 186 2303 669 2352; baseline -0.01 -10"><span class='ocrx_word' id='word_1_213' title='bbox 186 2306 277 2352; x_wconf 79' lang='lat' dir='ltr'>ting.</span> <span class='ocrx_word' id='word_1_214' title='bbox 302 2304 372 2340; x_wconf 85' lang='lat' dir='ltr'>vol.</span> <span class='ocrx_word' id='word_1_215' title='bbox 397 2303 463 2349; x_wconf 86' lang='lat' dir='ltr'>VI,</span> <span class='ocrx_word' id='word_1_216' title='bbox 488 2317 522 2350; x_wconf 93' lang='lat' dir='ltr'>p.</span> <span class='ocrx_word' id='word_1_217' title='bbox 549 2304 594 2338; x_wconf 87' lang='grc'>50</span> <span class='ocrx_word' id='word_1_218' title='bbox 619 2316 669 2349; x_wconf 86' lang='lat' dir='ltr'>sq.</span> 
     </span>
    </p>

    <p class='ocr_par' dir='ltr' id='par_1_8' title="bbox 284 2359 952 2407">
     <span class='ocr_line' id='line_1_31' title="bbox 284 2359 952 2407; baseline -0.006 -10"><span class='ocrx_word' id='word_1_219' title='bbox 284 2362 346 2407; x_wconf 85' lang='lat'>41)</span> <span class='ocrx_word' id='word_1_220' title='bbox 373 2361 468 2396; x_wconf 87' lang='lat' dir='ltr'>Plin.</span> <span class='ocrx_word' id='word_1_221' title='bbox 496 2361 594 2396; x_wconf 84' lang='lat' dir='ltr'>Hist.</span> <span class='ocrx_word' id='word_1_222' title='bbox 626 2360 714 2395; x_wconf 81' lang='lat' dir='ltr'>Nat.</span> <span class='ocrx_word' id='word_1_223' title='bbox 740 2359 786 2404; x_wconf 81' lang='lat' dir='ltr'>V,</span> <span class='ocrx_word' id='word_1_224' title='bbox 812 2360 867 2403; x_wconf 85' lang='lat'>25,</span> <span class='ocrx_word' id='word_1_225' title='bbox 893 2359 952 2393; x_wconf 87' lang='lat'>88.</span> 
     </span>
    </p>

    <p class='ocr_par' dir='ltr' id='par_1_9' title="bbox 281 2416 887 2465">
     <span class='ocr_line' id='line_1_32' title="bbox 281 2416 887 2465; baseline -0.005 -12"><span class='ocrx_word' id='word_1_226' title='bbox 281 2419 341 2465; x_wconf 85' lang='lat'>42)</span> <span class='ocrx_word' id='word_1_227' title='bbox 365 2418 458 2453; x_wconf 90' lang='lat' dir='ltr'>Plin.</span> <span class='ocrx_word' id='word_1_228' title='bbox 484 2418 531 2453; x_wconf 90' lang='lat' dir='ltr'>H.</span> <span class='ocrx_word' id='word_1_229' title='bbox 564 2417 608 2452; x_wconf 74' lang='lat' dir='ltr'>N.</span> <span class='ocrx_word' id='word_1_230' title='bbox 636 2417 701 2461; x_wconf 90' lang='lat' dir='ltr'>VI,</span> <span class='ocrx_word' id='word_1_231' title='bbox 726 2417 782 2459; x_wconf 84' lang='lat'>26,</span> <span class='ocrx_word' id='word_1_232' title='bbox 811 2416 887 2450; x_wconf 92' lang='lat'>122.</span> 
     </span>
    </p>

    <p class='ocr_par' dir='ltr' id='par_1_10' title="bbox 184 2472 1613 2636">
     <span class='ocr_line' id='line_1_33' title="bbox 276 2472 1613 2520; baseline -0.001 -10"><span class='ocrx_word' id='word_1_233' title='bbox 276 2476 336 2519; x_wconf 88' lang='lat'>43)</span> <span class='ocrx_word' id='word_1_234' title='bbox 361 2475 526 2519; x_wconf 89' lang='lat' dir='ltr'>Heeren,</span> <span class='ocrx_word' id='word_1_235' title='bbox 560 2475 603 2510; x_wconf 89' lang='lat' dir='ltr'>de</span> <span class='ocrx_word' id='word_1_236' title='bbox 635 2474 801 2509; x_wconf 84' lang='lat' dir='ltr'>fontibus</span> <span class='ocrx_word' id='word_1_237' title='bbox 836 2474 971 2520; x_wconf 78' lang='lat' dir='ltr'>Geogr.</span> <span class='ocrx_word' id='word_1_238' title='bbox 998 2473 1153 2508; x_wconf 86' lang='lat' dir='ltr'>Ptolem.</span> <span class='ocrx_word' id='word_1_239' title='bbox 1180 2472 1220 2507; x_wconf 91' lang='lat' dir='ltr'>in</span> <span class='ocrx_word' id='word_1_240' title='bbox 1246 2472 1383 2508; x_wconf 87' lang='lat' dir='ltr'>Comm.</span> <span class='ocrx_word' id='word_1_241' title='bbox 1409 2482 1481 2507; x_wconf 85' lang='lat' dir='ltr'>soc.</span> <span class='ocrx_word' id='word_1_242' title='bbox 1512 2472 1613 2509; x_wconf 84' lang='lat' dir='ltr'>Gott.</span> 
     </span>
     <span class='ocr_line' id='line_1_34' title="bbox 184 2529 1611 2580; baseline -0.005 -10"><span class='ocrx_word' id='word_1_243' title='bbox 184 2533 250 2578; x_wconf 77' lang='lat' dir='ltr'>VI,</span> <span class='ocrx_word' id='word_1_244' title='bbox 274 2545 310 2580; x_wconf 89' lang='lat' dir='ltr'>p.</span> <span class='ocrx_word' id='word_1_245' title='bbox 338 2532 380 2569; x_wconf 81' lang='lat'>77</span> <span class='ocrx_word' id='word_1_246' title='bbox 409 2543 506 2578; x_wconf 56' lang='grc' dir='ltr'>ιη.-</span> <span class='ocrx_word' id='word_1_247' title='bbox 525 2531 690 2576; x_wconf 84' lang='lat' dir='ltr'>Kinneir,</span> <span class='ocrx_word' id='word_1_248' title='bbox 707 2531 972 2578; x_wconf 78' lang='lat' dir='ltr'>geographical</span> <span class='ocrx_word' id='word_1_249' title='bbox 988 2530 1137 2566; x_wconf 87' lang='lat' dir='ltr'>memoir</span> <span class='ocrx_word' id='word_1_250' title='bbox 1161 2529 1202 2565; x_wconf 89' lang='lat' dir='ltr'>of</span> <span class='ocrx_word' id='word_1_251' title='bbox 1225 2529 1446 2565; x_wconf 87' lang='lat' dir='ltr'>thePersian</span> <span class='ocrx_word' id='word_1_252' title='bbox 1475 2529 1611 2575; x_wconf 84' lang='lat' dir='ltr'>empire</span> 
     </span>
     <span class='ocr_line' id='line_1_35' title="bbox 185 2590 324 2636; baseline -0.007 -11"><span class='ocrx_word' id='word_1_253' title='bbox 185 2603 222 2636; x_wconf 88' lang='lat' dir='ltr'>p.</span> <span class='ocrx_word' id='word_1_254' title='bbox 246 2590 324 2626; x_wconf 80' lang='lat'>268.</span> 
     </span>
    </p>

    <p class='ocr_par' dir='ltr' id='par_1_11' title="bbox 271 2645 869 2693">
     <span class='ocr_line' id='line_1_36' title="bbox 271 2645 869 2693; baseline -0.003 -11"><span class='ocrx_word' id='word_1_255' title='bbox 271 2648 307 2692; x_wconf 65' lang='lat'>²¹²)</span> <span class='ocrx_word' id='word_1_256' title='bbox 331 2645 388 2682; x_wconf 84' lang='lat' dir='ltr'>Cf.</span> <span class='ocrx_word' id='word_1_257' title='bbox 408 2645 610 2681; x_wconf 86' lang='lat' dir='ltr'>Hoffmann</span> <span class='ocrx_word' id='word_1_258' title='bbox 634 2658 669 2693; x_wconf 91' lang='lat' dir='ltr'>p.</span> <span class='ocrx_word' id='word_1_259' title='bbox 699 2646 763 2681; x_wconf 80' lang='lat'>171</span> <span class='ocrx_word' id='word_1_260' title='bbox 792 2658 869 2692; x_wconf 83' lang='lat' dir='ltr'>sqq.</span> 
     </span>
    </p>

    <p class='ocr_par' dir='ltr' id='par_1_12' title="bbox 273 2699 1521 2749">
     <span class='ocr_line' id='line_1_37' title="bbox 273 2699 1521 2749; baseline -0.003 -11"><span class='ocrx_word' id='word_1_261' title='bbox 273 2703 334 2749; x_wconf 76' lang='grc'>44)</span> <span class='ocrx_word' id='word_1_262' title='bbox 367 2702 501 2739; x_wconf 85' lang='lat' dir='ltr'>Strabo</span> <span class='ocrx_word' id='word_1_263' title='bbox 528 2703 573 2747; x_wconf 83' lang='grc' dir='ltr'>ΙΙ,</span> <span class='ocrx_word' id='word_1_264' title='bbox 598 2703 676 2739; x_wconf 90' lang='grc'><strong>118.</strong></span> <span class='ocrx_word' id='word_1_265' title='bbox 702 2702 825 2746; x_wconf 87' lang='lat' dir='ltr'>XVII,</span> <span class='ocrx_word' id='word_1_266' title='bbox 855 2702 931 2737; x_wconf 85' lang='lat'>798.</span> <span class='ocrx_word' id='word_1_267' title='bbox 952 2701 999 2736; x_wconf 91' lang='lat' dir='ltr'>ef.</span> <span class='ocrx_word' id='word_1_268' title='bbox 1028 2700 1122 2736; x_wconf 90' lang='lat' dir='ltr'>Plin.</span> <span class='ocrx_word' id='word_1_269' title='bbox 1148 2700 1194 2735; x_wconf 94' lang='lat' dir='ltr'>H.</span> <span class='ocrx_word' id='word_1_270' title='bbox 1220 2700 1263 2736; x_wconf 86' lang='lat' dir='ltr'>N.</span> <span class='ocrx_word' id='word_1_271' title='bbox 1292 2699 1357 2745; x_wconf 91' lang='lat' dir='ltr'>VI,</span> <span class='ocrx_word' id='word_1_272' title='bbox 1380 2699 1435 2744; x_wconf 82' lang='lat'>23,</span> <span class='ocrx_word' id='word_1_273' title='bbox 1460 2699 1521 2735; x_wconf 85' lang='lat'>96.</span> 
     </span>
    </p>

    <p class='ocr_par' dir='ltr' id='par_1_13' title="bbox 274 2758 1358 2807">
     <span class='ocr_line' id='line_1_38' title="bbox 274 2758 1358 2807; baseline -0.005 -10"><span class='ocrx_word' id='word_1_274' title='bbox 274 2761 336 2806; x_wconf 81' lang='lat'>45)</span> <span class='ocrx_word' id='word_1_275' title='bbox 361 2760 494 2797; x_wconf 81' lang='lat' dir='ltr'>Zosim.</span> <span class='ocrx_word' id='word_1_276' title='bbox 520 2761 590 2807; x_wconf 87' lang='lat'>111,</span> <span class='ocrx_word' id='word_1_277' title='bbox 617 2760 670 2796; x_wconf 90' lang='lat'>12.</span> <span class='ocrx_word' id='word_1_278' title='bbox 696 2760 877 2796; x_wconf 89' lang='lat' dir='ltr'>Ammian.</span> <span class='ocrx_word' id='word_1_279' title='bbox 905 2759 1071 2797; x_wconf 84' lang='lat' dir='ltr'>Marcell.</span> <span class='ocrx_word' id='word_1_280' title='bbox 1095 2758 1243 2803; x_wconf 88' lang='lat' dir='ltr'>XXIII,</span> <span class='ocrx_word' id='word_1_281' title='bbox 1269 2758 1302 2802; x_wconf 88' lang='lat'>3,</span> <span class='ocrx_word' id='word_1_282' title='bbox 1327 2758 1358 2793; x_wconf 93' lang='grc'>1.</span> 
     </span>
    </p>
   </div>
  </div>
 </body>
</html>
