1971 3246
914 275 1162 318 -3„

328 407 479 436 narum
519 389 663 446 generi
712 389 791 432 1100
836 390 961 432 1110110
1003 389 1392 445 demonstrassent,
1441 405 1486 433 se
1530 392 1640 435 velle
1685 405 1761 447 per

329 464 462 504 multa
483 460 654 504 saecula
674 459 819 500 urbem
840 458 1000 500 florere.
1035 458 1129 508 Quo
1161 459 1330 512 cognito
1357 473 1431 502 rex
1445 462 1672 504 Chaldaeis
1690 475 1759 504 ve-

331 532 445 572 niam
478 529 604 571 dedit.
666 529 783 570 Haec
814 532 931 577 sunt,
970 540 1079 579 quae
1121 527 1174 568 de
1204 527 1423 570 Seleuciae
1456 529 1618 584 origine
1645 530 1759 584 apud

329 604 492 641 veteres
532 597 755 651 scriptores
795 596 970 650 repperi.
1031 597 1180 648 Neque
1210 599 1376 650 tamen,
1410 602 1614 650 quantum
1646 599 1761 652 equi-

333 669 428 710 dem
454 667 648 721 judicare
678 678 864 720 possum,
893 665 1095 707 Seleucus
1126 665 1168 706 111
1198 665 1289 706 1000
1311 679 1443 707 vacuo
1473 671 1514 707 et
1539 680 1592 709 ex
1610 667 1759 709 funda-

331 736 481 778 mentis
520 735 757 778 Seleuciam
797 734 1004 789 condidit,
1047 734 1122 775 sed
1155 737 1275 776 vetus
1304 734 1521 787 quoddam
1552 735 1759 790 oppidum

330 810 371 846 et
400 805 538 860 spatio
581 810 620 847 01
654 803 913 846 ornamentis
953 803 1139 844 maxime
1176 803 1465 857 amplificavit.
1521 805 1634 846 Nam
1666 818 1763 860 pro-

332 876 439 917 fecto
473 874 508 916 si
540 873 595 915 ad
626 874 815 915 locorum
848 873 1014 914 illorum
1036 872 1335 913 amoenitatem
1359 879 1398 914 et
1416 873 1762 916 commerciorum

334 942 693 998 opportunitatem
736 941 1009 993 omniumque
1054 953 1192 982 rerum
1235 941 1556 983 commoditates
1598 946 1762 996 speeta-

332 1026 436 1066 mus,
468 1011 582 1052 nullo
606 1009 732 1051 modo
764 1009 1138 1051 verisimilitudinis
1170 1009 1309 1063 >pecie
1341 1014 1469 1063 caret,
1496 1009 1549 1051 ibi
1574 1010 1670 1064 jam
1690 1024 1763 1061 an-

336 1080 509 1134 tiquitus
552 1078 755 1133 oppidum
797 1078 1012 1130 quoddam
1054 1078 1120 1119 vel
1148 1077 1286 1119 vicum
1320 1078 1497 1121 stetisse.
1560 1079 1638 1122 Oui
1670 1093 1763 1121 sen-

332 1149 490 1191 tentiae
516 1148 643 1190 etiam
678 1147 830 1189 Strabo
846 1148 877 1198 5)
909 1147 977 1188 ille
1009 1146 1393 1201 geographicarum
1432 1161 1571 1189 rerum
1602 1147 1764 1190 histori-

335 1231 563 1271 carumque
612 1216 953 1258 accuratissimus
1003 1215 1181 1270 scriptor
1227 1216 1421 1257 assentiri
1471 1216 1654 1271 videtur,
1697 1216 1767 1270 qui

334 1287 453 1330 dicit:
496 1281 605 1336 „riht
652 1283 750 1327 νῦν
803 1283 904 1337 (scil.
944 1285 1234 1338 καλοιῃιιὲνην)
1276 1281 1580 1327 Σὲλεύκειαν.“
1647 1284 1767 1328 Idem

336 1355 513 1410 scriptor
539 1354 620 1395 alio
653 1354 789 1404 10000)
808 1353 927 1394 dicit:
961 1348 1070 1403 „risu
1090 1349 1357 1394 Σελεύκειαν
1374 1354 1440 1394 ἐπὶ
1468 1352 1533 1407 τῷ
1557 1354 1767 1411 'Hypsa—-

335 1426 512 1479 ἐτείχισε
553 1420 575 1464 ὁ
622 1421 838 1468 Σέλευκος
875 1417 897 1461 ὁ
930 1417 1184 1477 Νικάτωρ.“
1247 1421 1337 1462 Etsi
1368 1421 1483 1475 apud
1514 1423 1765 1465 *Strabonem

335 1493 510 1535 verbum
564 1490 815 1546 ,,τειχι’ζειυ“
860 1488 973 1530 haud
1014 1502 1109 1530 raro
1143 1490 1436 1532 tantummodo
1467 1490 1578 1532 idem
1611 1490 1768 1545 signifi-

333 1567 413 1616 cat,
441 1560 553 1613 quod
577 1558 790 1609 „xrlgeuff‘
812 1558 1199 1614 ,,11“[11111111”,111111011
1219 1559 1494 1600 Leti-onnium
1512 1561 1543 1609 7)
1565 1564 1606 1601 01
1619 1549 1768 1602 Gross-

339 1630 536 1672 kurdium
552 1629 584 1678 s)
623 1627 688 1669 hic
731 1627 970 1680 sequendos
1017 1640 1109 1669 esse
1129 1627 1295 1680 judico,
1328 1628 1398 1680 qui
1440 1627 1770 1683 interpretantur

338 1698 587 1754 ,,τειχίζειν“
619 1698 953 1751 ,,1111111111111111”01
973 1696 1232 1751 '‘Befeftigcns‘
1293 1697 1494 1739 Seleucus
1531 1697 1659 1751 igitur
1687 1697 1768 1752 pri-

339 1781 455 1811 scum
488 1765 693 1822 oppidum
733 1765 802 1806 vel
838 1764 976 1807 vicum
1019 1769 1182 1807 tantum
1223 1766 1353 1808 muris
1396 1766 1526 1808 cinxit
1564 1765 1606 1807 in
1637 1779 1771 1819 eoque

337 1838 545 1879 Graecam
577 1835 803 1889 civitatem,
837 1846 965 1886 quam
998 1836 1229 1877 πολιτείαν
1260 1835 1412 1878 Graeci
1443 1835 1674 1890 nominant,
1707 1834 1768 1877 in·-

337 1905 479 1948 stituit.
540 1905 637 1946 ι111111
679 1917 763 1945 una
800 1903 881 1946 ista
920 1903 1072 1945 vocula
1117 1903 1251 1953 „vfiw
1294 1918 1370 1959 per
1409 1917 1455 1946 se
1495 1903 1768 1959 demonstrat,

337 1973 574 2017 Seleuciam
605 1972 720 2027 prius
751 1972 870 2014 aliud
901 1985 1056 2013 nomen
1087 1971 1301 2015 habuisse.
1354 1973 1486 2015 Vetus
1519 1976 1660 2014 autem
1697 1986 1770 2015 no-

338 2056 435 2086 men
466 2042 579 2096 quod
606 2042 739 2090 fuerit,
765 2041 1009 2095 ambiguum
1041 2047 1113 2082 cst.
1176 2040 1271 2091 Qua
1297 2042 1349 2083 dc
1380 2056 1435 2095 re,
1470 2054 1582 2094 quae
1605 2045 1770 2083 veteres

340 2112 535 2162 referant,
568 2115 893 2165 perscrutemur.
952 2109 1080 2163 Apud
1111 2110 1384 2153 Ammianum
1420 2100 1715 2152 Marcellinum
1734 2111 1763 2161 ⁰)

339 2180 493 2236 legitur
524 2193 576 2222 ex
608 2179 824 2230 Geleniiss)
857 2178 1113 2233 conjectura,
1148 2192 1275 2230 quam
1297 2193 1444 2223 omncs
1464 2183 1615 2234 postea
1636 2178 1770 2221 secuti

432 2296 470 2337 5)
495 2294 600 2338 XVI,
625 2293 691 2328 739
716 2293 751 2327 in
776 2292 836 2327 fin.

434 2353 468 2391 6)
495 2352 598 2395 XVI,
625 2351 700 2386 738.

433 2410 468 2455 7)
497 2408 632 2443 Strabo
658 2419 780 2453 geogr.
814 2407 907 2440 trad.
934 2406 1046 2450 franc..
1074 2406 1117 2440 T.
1148 2406 1191 2449 V,
1220 2407 1248 2439 1.
1274 2419 1308 2451 p.
1342 2406 1402 2440 166
1428 2410 1462 2440 et
1488 2418 1511 2451 p
1551 2405 1616 2440 182
1645 2404 1714 2441 No.
1741 2406 1772 2439 3.

339 2479 407 2512 par
432 2468 481 2502 du
505 2467 537 2501 T
541 2466 625 2501 heil.

432 2526 468 2569 8)
495 2524 720 2568 Grosskurd,
746 2522 898 2557 Strabos
924 2520 1275 2567 1211111030111011111111,Γ
1299 2520 1335 2555 111
1366 2521 1403 2555 17
1434 2521 1618 2556 Biiehern.
1667 2520 1772 2555 Tom.

342 2582 399 2617 III
423 2595 457 2628 p.
482 2582 550 2617 210
571 2581 639 2617 No.
665 2582 696 2616 3.
721 2580 853 2623 Ritter,
879 2580 926 2623 X,
952 2591 986 2625 p.
1012 2579 1066 2614 69.

437 2640 470 2683 9)
497 2639 649 2684 XXIV,
674 2641 706 2674 5.
729 2640 761 2673 3.
808 2638 845 2684 ff)
872 2638 1008 2673 Omnes
1033 2641 1117 2672 ante
1144 2636 1342 2672 Gelenium
1368 2636 1453 2671 libri
1478 2635 1605 2682 scripti
1625 2639 1662 2671 et
1684 2634 1773 2670 editi

365 2696 510 2742 quidvis
535 2696 635 2732 aliud
663 2708 774 2744 quam
799 2696 948 2732 Cochen
972 2695 1146 2731 referunt.
1173 2694 1217 2730 In
1237 2694 1428 2730 edit.R0m
1458 2693 1669 2740 legebatur:
1692 2691 1774 2735 Quo
