1955 3262
712 333 996 378 -65-

144 452 236 491 etus
268 446 588 492 Seleucensibus
620 450 779 502 intulit,
808 464 1042 494 emanasse.
1084 451 1317 506 Scriptores
1348 453 1457 495 enini
1489 459 1571 496 tra-

146 516 263 570 dunt,
294 518 522 562 Himerum.
568 518 665 559 dum
697 519 858 572 imperii
894 520 1072 561 Parthici
1105 521 1345 574 provinciae
1375 523 1428 563 ab
1460 527 1573 564 exte-

146 585 202 627 ris
233 586 440 639 gentibus,
474 587 677 629 adversus
709 601 815 640 quas
850 589 1054 630 Phraates
1085 595 1225 631 eastra
1258 597 1466 638 moverat,
1499 605 1571 632 va-

145 658 331 704 stantur,
362 655 510 696 ultima
539 655 786 698 erudelitate
827 658 869 698 in
911 656 1166 699 Seleuecuos
1207 659 1418 701 saeviisse.
1480 660 1576 709 Qua

145 722 398 766 Parthorum
430 725 609 766 saevitia
637 725 791 766 factum
828 738 944 779 esse,
978 732 1021 766 ut
1053 726 1369 769 b'cleuceusium
1399 728 1439 769 iu
1470 729 1570 770 Par-

145 789 241 833 thos
285 791 427 834 odium
469 793 606 846 magis
644 794 863 846 magisque
903 801 1110 837 cresceret
1124 795 1197 849 ⁴5),
1243 800 1571 838 consentaneum

146 864 220 902 est.
279 860 385 902 Inde
415 861 547 903 crebri
578 862 791 910 tumultus,
835 862 932 903 iude
960 868 1188 917 perpetuae
1219 870 1365 905 contra
1391 865 1571 906 Parthos

146 926 386 973 seditiones.
446 930 701 983 Accedebat,
721 931 833 983 quod
855 931 1043 972 maxima
1060 932 1292 973 incolarum
1312 946 1422 987 pars,
1442 933 1572 975 Grae-

149 1009 221 1039 cos
241 996 334 1038 dico
352 1000 392 1039 et
409 997 679 1053 Macedonas,
710 999 845 1052 magis
865 1000 1050 1041 moribus
1083 1000 1420 1056 occidentalibus,
1445 1015 1571 1054 quam

146 1065 354 1108 Parthicis
395 1072 515 1108 erant
556 1068 791 1114 assuetum)
855 1069 943 1110 Hoc
973 1081 1114 1110 secum
1148 1070 1366 1111 volventes
1394 1070 1569 1112 Partho-

146 1145 240 1174 rum
270 1147 392 1188 reges
430 1148 523 1177 cum
553 1135 790 1177 inimicitias
823 1136 1106 1190 suscepissent
1137 1150 1228 1178 cum
1261 1137 1488 1191 Romanis,
1516 1151 1570 1179 ne

149 1201 345 1244 Seleucia
379 1202 545 1257 imperii
583 1204 685 1246 urbs
725 1203 987 1245 nobilissima
1025 1205 1067 1246 in
1097 1205 1387 1246 Romanorum
1419 1219 1569 1247 manus

151 1272 391 1325 perveniret
417 1276 667 1324 metuentes,
696 1284 828 1326 prope
860 1285 951 1313 eam
980 1272 1165 1314 hiemare
1196 1277 1451 1323 statuerunt,
1493 1274 1567 1315 Sc-

145 1338 309 1382 leuciae
323 1339 404 1394 ipsi
418 1345 652 1395 parcentes,
682 1353 748 1395 ne,
775 1346 819 1382 ut
850 1340 1009 1392 dicitur,
1041 1341 1298 1383 Parthorum
1330 1341 1458 1395 vulgo
1490 1354 1564 1395 op-

145 1407 478 1463 primeremuss)
538 1409 664 1451 Urbis
693 1408 1010 1463 potentissimae
1039 1421 1207 1450 omnem
1239 1409 1420 1452 Parthos
1449 1409 1572 1451 ratio-

144 1490 242 1519 nem
275 1476 434 1519 habere
463 1477 699 1531 oportebat.
754 1477 1009 1519 Parthorum
1041 1477 1151 1518 enim
1179 1477 1400 1532 imperium
1431 1478 1572 1520 multis

144 1546 198 1588 de
240 1545 379 1588 causis
418 1543 746 1588 infirmissimum
783 1546 951 1596 erat‘ffi)
1012 1545 1216 1588 Omnibus
1257 1546 1344 1587 fere
1376 1546 1570 1601 tempori-

145 1614 224 1656 bus
270 1613 512 1656 Parthicum
561 1626 739 1667 regnum
783 1613 903 1656 bellis
948 1613 1120 1655 internis
1147 1614 1436 1668 perturbatum
1470 1620 1569 1657 erat.

142 1682 273 1726 Modo
293 1682 457 1726 nobiles
477 1687 624 1725 contra
639 1695 785 1737 regem
797 1682 1046 1724 seditionem
1059 1682 1336 1737 concitabant,
1356 1683 1480 1724 modo
1494 1684 1570 1724 Ar-

142 1751 383 1794 sacidarum
412 1750 535 1793 bellis
563 1750 802 1794 domesticis
843 1750 985 1792 omnia
1030 1749 1282 1804 flagrabant.
1339 1750 1570 1792 Maximam

142 1824 288 1862 autem
314 1820 358 1862 in
387 1819 642 1862 Parthorum
670 1819 791 1862 bellis
818 1819 887 1861 vel
916 1819 1089 1861 internis
1111 1819 1178 1860 vel
1211 1818 1394 1861 externis
1426 1823 1567 1860 aucto-

141 1888 312 1931 ritatem
338 1888 606 1944 interponere
635 1892 803 1943 poterat
834 1888 1039 1942 Seleucia,
1073 1887 1170 1930 urbs
1201 1892 1241 1929 et
1263 1887 1411 1942 opibus
1431 1892 1472 1928 et
1490 1886 1568 1927 loci

141 1960 294 2000 natura
322 1962 590 2012 praepotens.
653 1956 746 2008 Quo
770 1957 927 1999 factum
961 1960 1034 2011 est,
1072 1961 1116 1997 ut
1149 1955 1192 1996 in
1222 1955 1342 1997 bellis
1372 1955 1566 2008 gerendis

141 2030 318 2079 utraqne
353 2038 456 2081 pars
499 2025 782 2080 pugnantium
819 2025 927 2067 hanc
958 2025 1101 2066 urbem
1134 2036 1341 2077 occupare
1371 2022 1567 2064 studeret.

139 2135 308 2180 βυλῶνιον
329 2138 519 2173 καλέσαντα
548 2140 607 2172 ἐπὶ
630 2139 766 2172 δεῖπνον
782 2136 921 2183 Ἵμερον
944 2135 1018 2169 τὸν
1041 2134 1370 2181 τυραννήσαντα
1397 2132 1438 2167 01'1
1455 2135 1570 2177 μόνων

140 2194 209 2226 ταῖν
235 2195 471 2236 Βαβυλωνίων
492 2192 583 2229 ἀλλὰ
608 2196 667 2228 καὶ
690 2195 917 2229 Σελευκέων.“
968 2194 1038 2228 1110
1069 2197 1231 2238 tempore
1262 2191 1405 2237 saepius
1431 2192 1567 2225 factum

141 2255 217 2295 est,
246 2255 292 2286 ut
311 2252 520 2297 praefectus
548 2252 673 2299 regius
697 2252 924 2287 dominatum
949 2254 1154 2295 occuparet.
1207 2249 1321 2282 Plura
1347 2250 1391 2282 dc
1417 2247 1565 2282 lliinero

141 2308 181 2343 in
199 2307 396 2343 vainantii
421 2305 558 2344 Annal.
589 2310 663 2344 Ars
698 2321 732 2355 p.
758 2309 813 2343 82.
862 2307 944 2349 Quo
969 2317 1066 2341 anno
1092 2316 1287 2351 oppressus
1312 2304 1358 2338 sit
1382 2304 1565 2345 Himerus,

141 2376 292 2412 prorsus
314 2370 372 2401 est
392 2366 583 2402 incertum.

231 2423 293 2466 45)
318 2422 419 2458 mut„
439 2423 477 2458 in
501 2423 621 2459 Crass.
647 2423 688 2458 17
715 2435 767 2468 sq.
793 2423 846 2458 ΞΟ.
875 2421 946 2456 Dio
971 2421 1072 2456 Cass.
1099 2419 1164 2463 XI,
1192 2420 1246 2453 16.
1280 2418 1336 2452 20.
1367 2417 1463 2452 Flor.
1496 2416 1566 2460 111,

145 2481 200 2514 11.
223 2479 290 2516 Jul
325 2479 482 2526 Capitol.
508 2481 546 2515 in
571 2481 613 2515 L.
638 2481 737 2515 Vero
762 2491 791 2514 e.
817 2480 849 2513 8.

234 2537 294 2581 46)
318 2537 407 2573 Tae.
433 2537 555 2572 Annal
590 2537 656 2579 VI,
687 2538 725 2570 22
750 2536 797 2571 cf.
821 2535 958 2571 Justin.
983 2532 1163 2574 XXXVI,
1191 2533 1220 2574 1,
1246 2532 1278 2565 3.

234 2594 295 2640 47)
321 2594 455 2630 Strabo
479 2594 584 2637 XVI,
609 2593 684 2628 743.

234 2653 295 2686 485
325 2651 372 2686 ef,
397 2651 530 2696 Pauly,
554 2651 724 2685 Realene.
752 2649 796 2691 V,
825 2648 921 2690 1209,
947 2646 1009 2680 ubi
1036 2645 1141 2689 plura
1167 2644 1210 2676 de
1239 2642 1398 2676 Parthici
1428 2640 1565 2686 imperii

143 2708 359 2744 infirmitate
381 2707 612 2744 exhibentur.
1281 2756 1300 2789 5
