1971 3246
909 299 1198 344 ...72-...

333 411 501 454 milibus
522 411 740 454 hominum
756 413 969 468 captisssss)
999 414 1190 456 Seleucia
1209 429 1292 459 non
1309 417 1546 460 resurrexit.
1577 412 1767 472 Impera—

332 486 398 523 tor
418 480 647 535 Septimius
669 485 848 524 Severus
869 496 964 524 cum
991 486 1140 525 contra
1162 484 1344 528 Parthos
1363 486 1522 528 bellum
1543 491 1708 541 gereret
1731 501 1768 530 a.

334 551 518 594 20l.aer.
535 549 631 592 Chr.
666 550 903 592 Seleuciam
915 550 1157 594 derelictam
1175 552 1281 595 vidit
1292 557 1332 595 et
1344 553 1543 596 Julianus
1551 555 1772 609 Apostata,

335 618 404 659 ubi
445 617 659 670 quondam
703 618 969 661 validissima
1000 620 1098 662 urbs
1126 619 1347 675 floruerat,
1376 621 1479 663 nihil
1507 622 1624 664 aliud
1654 622 1770 666 inve—

332 688 406 742 nit,
438 686 518 728 nisi
550 686 692 729 ruinas
725 687 853 741 longe
883 687 1054 740 lateque
1085 688 1271 731 diffusas.
1331 690 1386 732 At
1418 693 1540 732 tanta
1580 694 1670 732 erat
1696 705 1770 747 po-

336 754 511 796 steriore
543 754 671 796 etiam
704 760 894 809 tempore
925 756 1144 798 Seleuciae
1174 757 1320 812 gloria,
1353 762 1399 799 ut
1429 758 1657 801 Christiani
1678 758 1774 801 illas
1839 782 1843 783 ν

332 823 528 877 regiones
568 823 806 866 habitantes
837 824 1009 867 Cochen
1036 828 1077 866 et
1106 825 1425 880 Ctesiphontem
1467 831 1671 870 vocarent
1701 830 1773 870 Se-

331 892 592 943 leuciamdffl)
654 892 758 946 Ejus
799 892 860 934 rei
900 893 1186 935 testimonium
1229 900 1291 937 est
1332 895 1406 937 illa
1446 896 1650 951 epistola,
1688 909 1774 950 qua

333 961 577 1016 patriarcha
607 961 896 1003 Antiochenus
927 962 1089 1005 clericis
1116 963 1304 1018 Assyriis
1323 964 1537 1007 licentiam
1558 964 1772 1026 permittit,

333 1035 378 1072 ut
421 1031 501 1084 ipsi
545 1029 857 1084 metropolitam
904 1044 1027 1072 suum
1063 1036 1277 1074 crearent:
1341 1033 1658 1088 ‚,Metr0polita,
1701 1033 1774 1086 qui

335 1099 635 1141 Seleuciae
666 1098 709 1140 in
739 1099 842 1140 urbe
873 1099 993 1153 regia
1022 1100 1327 1142 Arsacidarum
1355 1101 1397 1144 in
1416 1115 1577 1156 magna
1594 1101 1774 1144 ecclesia

333 1168 476 1210 Coch
499 1167 621 1210 ensi
652 1167 778 1210 totius
810 1167 980 1210 orientis
1011 1168 1294 1223 principatum
1319 1171 1540 1223 tenet.“⁷0)
1600 1170 1772 1213 Cochen

335 1237 463 1279 etiam
511 1236 743 1278 Seleuciam
794 1237 1056 1279 nominatam
1098 1251 1214 1289 esse,
1261 1251 1314 1279 ex
1348 1251 1397 1280 eo
1428 1252 1638 1294 apparere
1666 1238 1775 1290 mihi

333 1305 511 1355 videtur,
546 1305 661 1358 quod
687 1305 919 1360 Eutropius
940 1307 989 1358 T¹)
1017 1305 1069 1348 de
1097 1306 1354 1361 imperatore
1385 1307 1496 1350 Caro
1521 1307 1643 1350 dicit:
1674 1310 1774 1362 „Se-

332 1374 511 1416 leuciam
544 1378 586 1415 et
617 1373 936 1428 Ctesiphontem
965 1375 1088 1416 urbes
1121 1375 1404 1418 nobilissimas
1432 1376 1582 1430 cepit,“
1614 1380 1656 1418 et
1683 1377 1771 1418 Ru-

346 1443 498 1499 fus72):
530 1442 728 1497 „Cochen
760 1447 801 1484 et
825 1442 1374 1497 CtesiphontemPersarum
1404 1445 1530 1487 urbes
1560 1443 1769 1487 nobilissi-

333 1525 425 1554 mas
456 1511 605 1566 cepit.“
636 1512 702 1554 Ita
732 1511 809 1554 etsi
836 1512 934 1553 urbs
959 1511 1054 1566 ipsa
1085 1512 1255 1554 deserta
1279 1518 1389 1555 esset
1406 1518 1447 1555 et
1463 1517 1599 1555 strata
1622 1512 1764 1568 ruinis,

332 1585 477 1622 tamen
507 1579 599 1633 ejus
630 1593 785 1621 nomen
816 1592 892 1633 per
922 1579 1096 1634 longum
1128 1586 1294 1636 tempus
1326 1582 1462 1636 gloria
1491 1581 1681 1624 florebat.

442 1648 620 1702 Peregi,
665 1647 787 1701 quod'
816 1647 1079 1702 propositum
1132 1652 1236 1691 erat.
1297 1651 1483 1692 Tantum
1525 1650 1670 1701 abest,
1717 1654 1763 1692 ut

331 1721 372 1759 et
401 1717 697 1771 quaestionum
730 1716 933 1771 gravitati
965 1721 1005 1759 et
1035 1717 1360 1772 intelligentium
1380 1718 1544 1772 judicio
1574 1718 1680 1761 satis
1703 1718 1762 1760 fe-

329 1786 439 1829 cisse
495 1785 597 1828 mihi
640 1785 807 1840 videar,
872 1789 917 1826 ut
968 1785 1011 1826 id
1059 1798 1310 1840 persuasum
1365 1787 1569 1839 habeam,
1628 1787 1760 1828 multo

331 1855 494 1897 doctius
532 1854 808 1908 subtiliusque
840 1867 912 1896 eas
953 1854 1224 1907 quaestiones
1255 1855 1429 1898 tractari
1459 1868 1585 1911 posse
1615 1854 1669 1898 a'b
1699 1855 1761 1910 iis,

330 1938 509 1977 quorum
539 1924 679 1978 major
719 1928 783 1966 est
813 1923 1007 1965 doctrina
1050 1928 1178 1978 atque
1206 1923 1496 1979 intelligentia.
1556 1923 1667 1967 satis
1698 1936 1767 1966 su-

333 2006 494 2048 perque
524 1992 706 2047 exiguae
736 2005 860 2035 meae
892 2005 1048 2047 operae
1078 1993 1260 2047 pretium
1290 1992 1470 2044 habebo,
1501 1992 1537 2036 si
1566 1991 1772 2035 nonnulla

341 2075 499 2117 eorum,
530 2075 640 2115 quae
670 2076 697 2104 a
727 2076 795 2104 me
827 2062 1021 2118 exposita
1049 2067 1159 2116 sunt,
1197 2062 1297 2105 viris
1328 2061 1502 2112 eruditis
1520 2062 1770 2117 probavero.

417 2156 475 2198 68)
501 2155 655 2199 Eutrop.
681 2154 702 2188 1.
729 2153 752 2188 l.
798 2165 903 2197 „cum
937 2153 1188 2199 quadraginta
1221 2153 1405 2197 milibus“,
1438 2153 1532 2189 Oros
1553 2152 1575 2186 1.
1602 2152 1626 2186 l.
1656 2163 1763 2196 „cum

334 2212 426 2248 CCC
446 2213 492 2247 M.
522 2212 744 2246 hominumf‘
793 2210 963 2245 Eundem
988 2212 1336 2251 numerumsstuetur
1361 2209 1484 2245 Rufus
1517 2210 1556 2244 in
1590 2209 1689 2245 brev.
1714 2210 1770 2244 21.

330 2270 466 2305 Euseb.
493 2268 626 2304 Chron.
657 2281 762 2312 „cuin
788 2268 880 2303 CCC
892 2268 940 2303 M.
970 2268 1194 2303 hominum.“

420 2329 480 2374 69)
505 2327 552 2363 cf.
581 2328 735 2373 Procop.
767 2327 808 2361 B.
844 2327 941 2361 Pers.
969 2326 1024 2370 Il,
1055 2327 1109 2361 28.
1162 2326 1344 2371 Theopan
1379 2326 1417 2369 I,
1443 2325 1530 2370 496,
1556 2323 1767 2371 Theophyl.

331 2386 465 2422 Simoc.
493 2385 538 2430 V,
564 2386 597 2420 6.

426 2443 485 2490 70)
511 2442 709 2477 Assemani
747 2441 920 2476 biblioth.
960 2439 1127 2475 oriental.
1171 2439 1250 2483 ΠΙ,
1283 2439 1329 2473 54
1362 2438 1408 2473 cf.
1440 2437 1662 2482 Tillemont,
1688 2437 1764 2474 VII

331 2513 364 2549 p.
393 2502 482 2545 665„
509 2501 562 2536 Le
587 2500 719 2543 Quien,
744 2499 864 2534 oriens
890 2497 1137 2541 Christianus,
1162 2496 1198 2530 in
1220 2500 1402 2542 quattuor
1420 2495 1695 2542 patriarchatus
1717 2494 1769 2529 di-

329 2565 456 2607 gestus
481 2565 569 2594 tom.
595 2559 649 2602 II,
677 2559 762 2592 1101
789 2569 842 2602 sq.
871 2556 1121 2591 Nominantur
1146 2556 1218 2589 duo
1243 2554 1409 2599 episcopi
1434 2553 1668 2589 Seleucenses
1691 2551 1770 2586 Ad-

336 2618 449 2652 daeus
475 2628 539 2652 seu
565 2616 789 2650 Thaddaeus
814 2615 967 2660 ejusque
993 2613 1195 2658 discipulus
1221 2611 1344 2646 Maris.
1372 2610 1419 2646 cf.
1445 2610 1619 2654 Wiltseh‚
1646 2609 1770 2644 Hand-

333 2674 433 2711 buch
458 2675 521 2709 der
550 2674 680 2708 kirchl.
707 2673 851 2718 Geogr.
880 2672 910 2716 Ι,
934 2684 971 2717 p.
999 2672 1054 2714 30,
1075 2672 1128 2706 50.

425 2732 485 2778 71)
512 2732 665 2778 Eutrop.
692 2731 758 2775 IX,
789 2732 838 2764 lo'.
866 2731 953 2774 tiz).
985 2749 1029 2754 -
1059 2728 1115 2773 12)
1140 2726 1306 2762 Breviar.
1332 2736 1362 2761 c.
1383 2725 1442 2760 24⁴.
