1971 3246
894 317 1179 360 —18—

325 450 348 479 e
381 435 510 478 ruinis
546 432 779 482 Seleuciae)
812 433 879 475 ad
905 432 1104 476 fossile
1131 434 1341 476 flumen
1371 434 1748 477 Nahrmalcha

320 504 561 558 nomine,
595 503 733 556 quod
764 502 936 544 amnis
966 503 1748 559 reguminterpretatu1·‚tunc

320 574 546 616 aridum,
608 572 665 614 Id
705 571 943 613 antehac
986 572 1269 626 Trajanus
1309 578 1621 627 posteaque
1660 572 1746 615 Se-

319 656 513 693 verus,
556 644 740 696 egesto
790 639 908 682 solo
953 640 1123 682 fodiri
1166 640 1218 682 in
1273 641 1479 683 modum
1525 642 1746 684 canalis

318 709 660 767 amplissimi
702 707 885 751 studio
926 713 1221 751 curaverat
1250 722 1474 760 summo,
1503 714 1559 752 ut
1587 710 1748 764 aquis

318 781 525 824 illucab
552 778 837 833 Euphrate
862 777 1170 821 transfusis
1194 791 1362 822 naves
1387 779 1448 821 ad
1468 778 1747 834 Tigridem

321 849 795 903 commigrarent.“

434 920 557 961 Hunc
588 930 687 959 vero
721 917 911 959 canalem
944 917 1128 958 alienum
1160 930 1185 958 a
1203 931 1303 960 vero
1324 916 1616 959 Nahrmalcha
1641 931 1745 973 esse,

313 987 407 1041 Jam
450 1000 503 1029 ex
543 986 702 1028 Zosimi
746 985 852 1027 libro
869 986 923 1038 32)
967 985 1108 1040 colligi
1148 990 1306 1040 potest,
1341 985 1413 1039 qui
1441 985 1591 1028 melius
1619 998 1747 1039 quam

317 1055 569 1098 Ammianus
584 1053 853 1096 Marcellinus
886 1054 1064 1095 duorum
1094 1054 1261 1095 illorum
1290 1053 1501 1096 canalium
1520 1054 1748 1096 discrimen

319 1127 463 1166 servat
501 1122 565 1164 his
600 1121 759 1164 verbis:
789 1112 968 1176 „imon
999 1120 1056 1170 εἷς
1090 1137 1191 1163 τινα
1223 1118 1414 1177 διώρυχα
1444 1123 1670 1177 μεγίστην,
1693 1117 1748 1173 ἣν

322 1193 466 1247 ἔλεγον
493 1193 534 1233 οὶ
561 1189 662 1250 τῇδε
692 1185 814 1245 παρὰ
845 1190 885 1229 Τ
881 1188 1067 1245 ραϊαινοῦ
1091 1187 1355 1245 διωρύχθαι·
1389 1194 1445 1239 εἰς
1468 1186 1523 1242 ἣν
1545 1185 1751 1244 ἐμβαλών

316 1256 339 1301 ὁ
371 1255 678 1315 Ναριιιαλάχης
720 1254 923 1312 ποταμὸς
954 1261 1009 1306 εἰς
1044 1253 1123 1300 τὸν
1151 1258 1303 1316 Τίγριν
1325 1258 1566 1303 ἐκδι’ὃωσι.“
1623 1257 1749 1309 Quod

321 1341 421 1371 vero
441 1328 672 1371 secundum
698 1326 969 1368 Ammianum
987 1326 1281 1369 Marcellinum
1294 1327 1345 1379 33)
1368 1331 1409 1368 et
1424 1326 1680 1369 Abulfedam
1697 1326 1748 1378 34)

322 1397 615 1439 Nahrmalcha
655 1409 731 1451 per
771 1408 817 1437 se
852 1395 894 1437 in
925 1395 1087 1450 Tigrim
1118 1395 1228 1438 infra
1260 1395 1578 1451 Ctesiphontem
1605 1408 1681 1438 seu
1708 1393 1749 1436 al

318 1466 494 1509 Madain
521 1464 768 1517 effunditur,
799 1464 857 1506 illi
890 1464 1099 1519 principes
1131 1465 1238 1506 bello
1271 1464 1468 1507 Parthico
1500 1463 1649 1506 intenti
1679 1476 1747 1506 su-

319 1535 472 1591 periori
511 1535 603 1578 loco
646 1547 697 1577 ex
741 1534 858 1588 regio
899 1533 1071 1575 flumine
1111 1547 1242 1589 supra
1260 1534 1313 1586 35)
1343 1534 1514 1577 Cochen
1547 1537 1589 1576 et
1615 1533 1747 1576 Ctesi—

320 1604 523 1659 phontem
560 1604 653 1645 sine
693 1602 945 1657 ambagibus
986 1602 1150 1644 venturi
1190 1602 1246 1644 ad
1278 1602 1423 1645 sedem
1454 1601 1747 1644 Parthicorum

322 1686 483 1727 regum,
516 1671 712 1714 videntur
728 1685 885 1714 novam
917 1671 1077 1714 fossam
1110 1671 1292 1726 duxisse,
1325 1684 1410 1725 qua
1436 1675 1585 1726 postea
1614 1671 1747 1714 Julia-

320 1755 400 1784 nus
431 1741 559 1783 etiam
591 1745 777 1796 purgata
806 1754 907 1783 usus
935 1745 1009 1793 est,
1040 1754 1134 1783 cum
1164 1740 1381 1795 parietinis
1405 1740 1624 1783 Seleuciae
1655 1739 1747 1782 reli-

322 1811 398 1854 ctis
429 1810 659 1853 exercitum
693 1823 816 1851 suum
846 1809 1009 1863 Tigrim
1037 1809 1194 1851 flumen
1220 1809 1481 1864 trajiceret.ss
1511 1809 1750 1866 Nam'sane

317 1893 476 1923 novum
504 1878 622 1921 illum
654 1879 846 1920 canalem
876 1892 928 1920 ex
946 1879 987 1921 N
990 1877 1238 1921 ahrmalcha
1254 1878 1492 1921 derivatum
1514 1891 1592 1922 nec
1611 1877 1748 1921 Nahr-

323 1948 536 1992 malcham
558 1948 697 2003 ipsum
719 1952 817 1989 tunc
838 1947 967 1989 fuisse
988 1947 1153 1989 aridum
1182 1960 1234 1988 ex
1254 1947 1382 1990 variis
1401 1946 1562 1990 caussis
1579 1947 1751 2002 probari

320 2023 485 2074 posset,
527 2016 693 2059 etiamsi
731 2016 990 2069 Zosimus30‘)
1033 2030 1117 2059 non
1147 2016 1373 2072 perspicue
1405 2017 1747 2059 demonstrasset,

320 2086 518 2129 Fluvium
540 2085 704 2140 regium
735 2091 835 2129 tunc
866 2099 951 2128 non
978 2085 1108 2128 fuisse
1134 2086 1299 2129 aridum
1329 2087 1382 2129 ab
1404 2085 1561 2129 eodem
1576 2085 1745 2130 Zosimo

412 2213 471 2259 32)
496 2213 564 2257 ΙΙΙ,
592 2214 645 2248 24.

408 2272 468 2316 33)
492 2270 635 2315 XXIV,
660 2271 691 2305 2.
717 2272 755 2306 6:
791 2269 1115 2305 Nahrmalcha....
1148 2270 1427 2316 Ctesiphontem
1451 2273 1747 2316 praetermeat.

414 2329 473 2374 34)
501 2329 606 2363 Tom.
631 2328 687 2372 ΙΙ,
722 2340 756 2374 p.
797 2328 859 2363 67:
899 2328 954 2373 „le
987 2328 1092 2362 canal
1122 2328 1171 2362 du
1194 2328 1266 2362 Roi
1290 2328 1409 2372 (Nahr
1432 2326 1684 2372 Almalik)....
1709 2337 1747 2362 se

314 2387 410 2433 jette
433 2387 525 2421 dans
549 2386 582 2421 16
607 2386 722 2431 Tigre
745 2396 848 2420 sous
874 2385 1059 2420 Madain.“

410 2445 470 2489 35)
492 2443 626 2478 Liban.
659 2444 714 2478 ed.
743 2443 891 2478 Morelli
919 2447 1005 2477 tom.
1039 2442 1088 2487 ΙΙ,
1121 2455 1155 2488 p.
1181 2443 1260 2477 319.
1313 2463 1355 2467 -
1401 2442 1558 2478 ÷÷Nimia
1590 2442 1747 2477 audacia

324 2502 595 2538 Huellmannus
612 2500 918 2547 (Handelsgesch.
937 2501 1000 2535 der
1017 2501 1081 2536 Gr.
1106 2514 1139 2547 p.
1166 2501 1248 2545 259)
1273 2500 1465 2536 Julianum
1487 2500 1585 2534 hanc
1610 2499 1748 2535 fossam

323 2561 501 2595 minorem
533 2569 753 2605 repurgasse
776 2562 904 2604 negat,
931 2563 1066 2603 putans
1090 2559 1260 2594 Romano
1284 2558 1496 2602 imperatori
1520 2557 1658 2604 injuria
1683 2558 1747 2593 tri—

320 2618 451 2653 butum
484 2628 579 2660 esse,
613 2617 713 2662 quod
748 2617 873 2651 multis
907 2616 1062 2651 saeculis
1088 2621 1174 2651 ante
1201 2617 1411 2652 Alexander
1435 2615 1596 2662 Magnus
1626 2614 1745 2661 perfe—

317 2675 419 2712 cerit.
467 2674 615 2710 Oblitus
641 2678 696 2709 est
720 2675 799 2710 sine
823 2674 948 2720 dubio,
974 2675 1213 2710 Ammianum
1237 2675 1359 2720 ipsum
1385 2674 1496 2710 rebus
1520 2671 1746 2709 interfuisse·

412 2734 472 2780 36)
502 2732 633 2770 Zosim.
659 2732 728 2778 ΙΙΙ,
753 2734 808 2769 19.
