1971 3246
892 321 1173 365 ..46-m

319 439 501 483 Romam
534 439 577 481 in
608 438 715 480 aede
743 437 950 493 Apollinis
982 437 1165 480 Palatini
1195 437 1369 480 deorum
1401 436 1606 481 antistites
1627 436 1753 480 eollo--

319 522 449 551 casse.
517 508 619 550 Jure
664 511 805 548 autem
855 506 1051 548 contendi
1088 519 1215 561 posse
1261 506 1464 558 arbitror,
1514 507 1753 549 Seleuciam

323 577 581 631 scalptorum
612 576 845 618 formarum
875 575 1004 617 fuisse
1034 575 1227 630 patriam.
1273 575 1478 618 Omnibus
1507 580 1653 618 notum
1677 579 1751 620 est,

318 646 532 700 quondam
565 644 785 699 Babylone
814 643 941 698 hujus
979 644 1145 697 generis
1176 644 1381 686 artificum
1412 644 1645 686 maximum
1676 658 1753 686 nu-

317 728 479 757 merum
507 712 686 769 fuisse.5)
746 712 942 755 Seleucia
972 725 1066 754 cum
1096 712 1286 754 maxima
1305 713 1479 755 haberet
1499 713 1754 756 commercia

318 797 412 826 cum
442 783 574 839 India,
606 797 629 825 e
660 796 743 836 qua
774 786 884 825 terra
911 781 1216 837 sardonychas,
1258 781 1522 837 hyacinthos,
1561 795 1753 837 smarag-

319 853 395 895 dos
427 852 616 906 aliasque
649 865 840 906 gemmas
872 852 1050 907 accepit,
1083 863 1193 904 quae
1222 850 1279 892 ad
1309 854 1484 906 ectypas
1513 851 1753 906 scalpturas

318 924 531 975 aptantur,
564 921 664 974 quin
694 921 803 963 hanc
835 924 969 963 artem
1001 920 1128 962 etiam
1160 919 1343 975 coluerit,
1375 934 1459 962 non
1484 919 1684 963 dubitem.

432 990 557 1032 Certo
580 994 721 1032 autem
749 989 1031 1032 demonstrari
1049 994 1199 1044 potest,
1235 988 1454 1031 Seleuciae
1473 988 1753 1031 clarissimam

319 1057 450 1099 fuisse
480 1062 705 1113 monetam,
740 1059 809 1100 ubi
838 1058 1030 1113 plerique
1058 1058 1230 1112 nummi,
1261 1058 1417 1112 quippe
1446 1057 1517 1111 qui
1548 1065 1753 1100 commer-

323 1126 398 1168 ciis
430 1127 604 1169 maximi
628 1132 771 1170 essent
790 1127 1004 1181 momenti,
1029 1126 1118 1169 cusi
1140 1131 1249 1169 sunt.
1297 1125 1458 1168 Traditi
1478 1129 1576 1168 sunt
1593 1127 1754 1168 nummi

327 1200 366 1238 et
397 1195 614 1238 autonomi
645 1201 686 1238 et
716 1196 915 1241 Parthici.
972 1196 1188 1238 Habemus
1221 1195 1331 1237 enim
1362 1208 1569 1249 nummos,
1603 1194 1753 1247 quibus

318 1264 564 1320 inscriptum
597 1269 660 1307 est
688 1263 1095 1306 ΣΕΛΕῩΚΕΩΝ
1119 1263 1249 1305 ΤΩΝ
1264 1264 1448 1306 ΠΡΟΣ
1485 1263 1693 1305 ΤΙΓΡΕΙ
1706 1262 1754 1318 6),

320 1333 391 1387 qui
435 1335 535 1387 quin
568 1333 787 1376 Seleuciae
826 1333 915 1376 cusi
944 1333 1047 1385 sint,
1079 1332 1259 1375 dubitari
1290 1347 1373 1375 non
1401 1335 1552 1387 potest.
1592 1331 1754 1374 Plinius

321 1402 444 1453 enim,
476 1407 522 1443 ut
543 1401 637 1455 jam
669 1416 799 1457 supra
827 1402 1135 1457 demonstravi,
1168 1402 1408 1445 Seleuciam
1439 1400 1546 1442 dixit
1577 1401 1754 1442 liberam

323 1485 372 1513 ac
392 1471 456 1512 sui
475 1470 607 1527 juris,
641 1484 742 1526 ergo
776 1485 851 1514 suo
877 1472 975 1525 jure
1003 1470 1188 1525 signavit
1220 1475 1422 1513 monetas.
1488 1470 1597 1512 Sunt
1626 1474 1754 1511 tetra-

322 1539 552 1590 drachma,
590 1539 633 1581 in
670 1539 820 1593 quibus
857 1540 949 1596 typi
986 1553 1159 1595 prorsus
1202 1554 1255 1582 ex
1295 1540 1553 1582 Graecorum
1583 1537 1754 1592 ingenio

320 1607 439 1663 petiti
470 1611 587 1659 sunt,
627 1612 672 1650 ut
714 1608 863 1651 mulier
906 1609 1060 1651 sedens
1101 1608 1238 1663 capite
1268 1608 1416 1650 turrito
1448 1611 1597 1650 tenens
1625 1619 1755 1649 cornu

323 1675 472 1730 copiae
514 1680 555 1718 et
592 1677 683 1732 regi
722 1691 921 1720 coronam
964 1677 1156 1720 offerens.
1215 1678 1313 1719 Non
1344 1676 1495 1718 mirum
1526 1679 1610 1731 est,
1640 1675 1755 1729 quod

324 1745 602 1788 Seleucenses
632 1760 829 1790 nummos
867 1760 1035 1800 quoque
1065 1746 1358 1788 Parthicorum
1390 1758 1538 1800 regum
1567 1744 1755 1798 imagine

328 1819 500 1857 ornatos
531 1815 803 1870 signaverint.
861 1816 980 1858 Idem
1008 1815 1146 1858 fecere
1166 1815 1324 1857 multae
1346 1814 1455 1856 aliae
1470 1813 1755 1858 Graecanicae

325 1934 424 1968 dicta
438 1933 495 1978 sit,
521 1931 631 1966 facile
655 1931 850 1977 intelliget,
876 1931 940 1977 qui
956 1930 1105 1965 Cochen
1123 1930 1424 1976 distinguendam
1438 1940 1460 1963 a
1479 1928 1648 1964 Seleucia
1662 1927 1753 1962 didi-

324 1991 431 2026 cerit:
458 2003 490 2025 v.
503 2001 599 2036 quae
610 1989 984 2035 supradebacrecap.
998 1987 1047 2022 ΙΙ.
1064 1988 1267 2022 dictasunt.
1297 1987 1394 2021 Bene
1421 1986 1465 2020 de
1490 1985 1561 2020 hac
1582 1996 1621 2020 re
1639 1985 1754 2019 Athe-

328 2060 443 2083 naeus
468 2047 625 2093 scripsit,
652 2046 716 2092 qui
740 2046 803 2080 lib.
828 2045 892 2080 IV.
927 2058 961 2090 p.
991 2045 1057 2079 149
1082 2045 1117 2079 D
1145 2044 1299 2079 tradidit
1324 2045 1432 2079 haec:
1465 2040 1557 2086 παρὰ
1592 2042 1627 2074 δὲ
1652 2043 1756 2074 Ναυ-

325 2108 505 2150 κρατίταις
536 2104 581 2141 ὡς
612 2104 713 2148 φησὶν
733 2101 899 2148 (Ερμείας
924 2105 957 2135 ἐν
981 2103 1027 2145 τῷ
1051 2101 1081 2145 β’
1111 2104 1191 2147 περὶ
1216 2103 1280 2134 τοῦ
1320 2101 1487 2147 Γρυνείου
1526 2096 1758 2136 ”Ληόλλωνος

325 2166 359 2195 ἐν
383 2163 429 2205 τῷ
456 2163 647 2207 πρυτανείῳ
674 2160 853 2193 δειπνοῗσι
876 2160 1075 2203 γενεθλίοις
1100 2156 1244 2196 (Εστιάς
1274 2158 1519 2204 πρυτανίτιδος
1550 2159 1607 2190 καὶ
1638 2157 1757 2190 ‹hovu-

326 2221 411 2257 σίοις
448 2220 497 2251 ἔτι
526 2219 561 2251 δὲ
591 2219 632 2263 τῇ
660 2218 724 2249 τοῦ
762 2218 936 2260 Κωμαίου
962 2212 1192 2253 ’Λπόλλωνος
1225 2215 1426 2260 πανηγύρει.
1479 2215 1547 2250 Ille
1581 2214 1756 2250 Sosianus

327 2277 465 2322 Apollo
490 2275 670 2316 cedrium,
696 2285 805 2320 quern
831 2273 998 2308 Seleucia
1009 2274 1164 2308 Romam
1192 2273 1387 2307 advectum
1407 2284 1485 2308 esse
1507 2272 1596 2307 dicit
1618 2272 1757 2306 Plinius

333 2334 447 2377 Xlll,
472 2337 504 2378 s»,
530 2334 592 2376 53,
626 2344 700 2366 non
725 2331 914 2367 Seleuciae
939 2332 986 2365 ad
1012 2331 1169 2377 Tigrim,
1196 2331 1259 2366 sed
1286 2330 1474 2366 Seleuciae
1507 2330 1553 2364 ad
1581 2329 1756 2364 Orontem

332 2391 410 2426 sine
435 2391 547 2425 dubio
577 2393 745 2424 steterat?
765 2390 860 2423 Nam
882 2388 994 2423 Plinii
1020 2392 1141 2423 aetate
1166 2388 1325 2422 Romani
1351 2399 1467 2433 usquc
1488 2388 1536 2421 ad
1552 2386 1755 2422 Seleuciam

334 2448 584 2494 Babyloniam
604 2447 768 2482 nendum
796 2450 1058 2491 processerant.
1092 2446 1222 2491 Neque
1255 2446 1292 2479 in
1324 2445 1536 2491 Babylonia
1569 2455 1688 2490 neque
1718 2443 1757 2477 in

330 2506 545 2552 regionibus
560 2505 818 2551 adjacentibus
843 2505 991 2538 cedrum
1018 2503 1123 2549 gigni
1150 2503 1281 2538 inveni.
1304 2503 1351 2537 cf.
1378 2502 1560 2537 Harduin.
1589 2502 1635 2535 ad
1658 2501 1755 2535 hune

330 2563 443 2599 Plinii
468 2563 600 2597 locum.

421 2620 458 2665 ὃ)
484 2620 639 2663 Heeren,
663 2619 779 2653 Ideen
806 2619 832 2662 1,
861 2620 891 2653 2.
918 2632 950 2664 p.
975 2618 1043 2652 208
1068 2631 1120 2664 sq,
1144 2619 1290 2663 Miiller,
1317 2617 1512 2653 Archacol.
1543 2617 1607 2651 der
1631 2615 1757 2650 Kunst

328 2691 362 2724 p.
388 2678 454 2712 421
480 2689 533 2723 sq.
562 2677 748 2721 Theophr.
776 2677 820 2711 de
844 2677 918 2722 lap.
942 2679 961 2717 ξ
987 2677 1040 2710 35.
1204 2720 1209 2724 ¹

420 2736 456 2780 6)
480 2735 641 2779 Eekhel,
672 2734 840 2769 doctrina
870 2745 971 2769 num.
998 2738 1086 2769 vett.
1114 2733 1191 2779 111,
1216 2734 1293 2769 519.
1318 2734 1386 2770 549
1411 2745 1463 2779 sq.
