<?xml version="1.0" encoding="UTF-8"?>
<!DOCTYPE html PUBLIC "-//W3C//DTD XHTML 1.0 Transitional//EN"
    "http://www.w3.org/TR/xhtml1/DTD/xhtml1-transitional.dtd">
<html xmlns="http://www.w3.org/1999/xhtml" xml:lang="en" lang="en">
 <head>
  <title>
</title>
<meta http-equiv="Content-Type" content="text/html;charset=utf-8" />
  <meta name='ocr-system' content='tesseract 3.04.00' />
  <meta name='ocr-capabilities' content='ocr_page ocr_carea ocr_par ocr_line ocrx_word'/>
</head>
<body>
  <div class='ocr_page' id='page_1' title='image "./deseleuciababylo00fabiuoft_0051.png"; bbox 0 0 1955 3262; ppageno 0'>
   <div class='ocr_carea' id='block_1_1' title="bbox 731 324 1014 366">
    <p class='ocr_par' dir='ltr' id='par_1_1' title="bbox 731 324 1014 366">
     <span class='ocr_line' id='line_1_1' title="bbox 731 324 1014 366; baseline 0 -10"><span class='ocrx_word' id='word_1_1' title='bbox 731 324 1014 366; x_wconf 74' lang='lat'>...45-</span> 
     </span>
    </p>
   </div>
   <div class='ocr_carea' id='block_1_2' title="bbox 165 435 1609 2352">
    <p class='ocr_par' dir='ltr' id='par_1_2' title="bbox 165 435 1594 763">
     <span class='ocr_line' id='line_1_2' title="bbox 165 435 1593 497; baseline -0.005 -12"><span class='ocrx_word' id='word_1_2' title='bbox 165 439 410 497; x_wconf 76' lang='lat' dir='ltr'>Babylonii,</span> <span class='ocrx_word' id='word_1_3' title='bbox 454 439 531 482; x_wconf 85' lang='lat' dir='ltr'>hoc</span> <span class='ocrx_word' id='word_1_4' title='bbox 577 439 703 481; x_wconf 88' lang='lat' dir='ltr'>modo</span> <span class='ocrx_word' id='word_1_5' title='bbox 743 438 870 480; x_wconf 85' lang='lat' dir='ltr'>etiam</span> <span class='ocrx_word' id='word_1_6' title='bbox 900 437 1174 481; x_wconf 67' lang='lat' dir='ltr'>Seleucenses</span> <span class='ocrx_word' id='word_1_7' title='bbox 1211 436 1433 481; x_wconf 83' lang='lat' dir='ltr'>aedificare</span> <span class='ocrx_word' id='word_1_8' title='bbox 1459 435 1593 481; x_wconf 83' lang='lat' dir='ltr'>eoacti</span> 
     </span>
     <span class='ocr_line' id='line_1_3' title="bbox 165 506 1592 564; baseline -0.003 -11"><span class='ocrx_word' id='word_1_9' title='bbox 165 515 311 564; x_wconf 84' lang='lat' dir='ltr'>erant;</span> <span class='ocrx_word' id='word_1_10' title='bbox 344 508 458 562; x_wconf 87' lang='lat' dir='ltr'>quod</span> <span class='ocrx_word' id='word_1_11' title='bbox 490 522 636 550; x_wconf 89' lang='lat' dir='ltr'>omnes</span> <span class='ocrx_word' id='word_1_12' title='bbox 663 508 808 550; x_wconf 90' lang='lat' dir='ltr'>ruinae</span> <span class='ocrx_word' id='word_1_13' title='bbox 837 506 976 548; x_wconf 87' lang='lat' dir='ltr'>adhuc</span> <span class='ocrx_word' id='word_1_14' title='bbox 1017 507 1261 562; x_wconf 78' lang='lat' dir='ltr'>superstites</span> <span class='ocrx_word' id='word_1_15' title='bbox 1303 506 1485 549; x_wconf 80' lang='lat' dir='ltr'>dilucide</span> <span class='ocrx_word' id='word_1_16' title='bbox 1520 507 1592 549; x_wconf 92' lang='lat' dir='ltr'>de-</span> 
     </span>
     <span class='ocr_line' id='line_1_4' title="bbox 166 575 1594 630; baseline -0.001 -10"><span class='ocrx_word' id='word_1_17' title='bbox 166 582 415 620; x_wconf 85' lang='lat' dir='ltr'>monstrant.</span> <span class='ocrx_word' id='word_1_18' title='bbox 474 577 572 619; x_wconf 77' lang='lat' dir='ltr'>Non</span> <span class='ocrx_word' id='word_1_19' title='bbox 615 576 787 618; x_wconf 90' lang='lat' dir='ltr'>minoris</span> <span class='ocrx_word' id='word_1_20' title='bbox 830 576 1031 617; x_wconf 83' lang='lat' dir='ltr'>momenti</span> <span class='ocrx_word' id='word_1_21' title='bbox 1061 581 1135 630; x_wconf 87' lang='lat' dir='ltr'>est,</span> <span class='ocrx_word' id='word_1_22' title='bbox 1163 575 1276 629; x_wconf 88' lang='lat' dir='ltr'>quod</span> <span class='ocrx_word' id='word_1_23' title='bbox 1308 576 1384 618; x_wconf 87' lang='lat' dir='ltr'>hac</span> <span class='ocrx_word' id='word_1_24' title='bbox 1416 575 1594 618; x_wconf 82' lang='lat' dir='ltr'>materia</span> 
     </span>
     <span class='ocr_line' id='line_1_5' title="bbox 166 643 1592 699; baseline -0.002 -10"><span class='ocrx_word' id='word_1_25' title='bbox 166 645 390 689; x_wconf 82' lang='lat' dir='ltr'>columnae</span> <span class='ocrx_word' id='word_1_26' title='bbox 428 645 588 688; x_wconf 77' lang='lat' dir='ltr'>exstrui</span> <span class='ocrx_word' id='word_1_27' title='bbox 617 644 868 699; x_wconf 83' lang='lat' dir='ltr'>nequibant,</span> <span class='ocrx_word' id='word_1_28' title='bbox 903 658 1079 697; x_wconf 88' lang='lat' dir='ltr'>quarum</span> <span class='ocrx_word' id='word_1_29' title='bbox 1110 644 1201 687; x_wconf 79' lang='lat' dir='ltr'>vice</span> <span class='ocrx_word' id='word_1_30' title='bbox 1230 643 1342 699; x_wconf 89' lang='lat' dir='ltr'>pilae</span> <span class='ocrx_word' id='word_1_31' title='bbox 1371 644 1439 686; x_wconf 87' lang='lat' dir='ltr'>vel</span> <span class='ocrx_word' id='word_1_32' title='bbox 1469 657 1592 699; x_wconf 85' lang='lat' dir='ltr'>para—</span> 
     </span>
     <span class='ocr_line' id='line_1_6' title="bbox 169 713 916 763; baseline -0.003 -6"><span class='ocrx_word' id='word_1_33' title='bbox 169 719 309 758; x_wconf 79' lang='lat' dir='ltr'><strong>statae</strong></span> <span class='ocrx_word' id='word_1_34' title='bbox 339 714 510 756; x_wconf 89' lang='lat' dir='ltr'>functae</span> <span class='ocrx_word' id='word_1_35' title='bbox 539 726 632 756; x_wconf 89' lang='lat' dir='ltr'>esse</span> <span class='ocrx_word' id='word_1_36' title='bbox 663 713 868 755; x_wconf 77' lang='lat' dir='ltr'>videntur.</span> <span class='ocrx_word' id='word_1_37' title='bbox 885 714 916 763; x_wconf 73' lang='lat'>²)</span> 
     </span>
    </p>

    <p class='ocr_par' dir='ltr' id='par_1_3' title="bbox 169 779 1609 2352">
     <span class='ocr_line' id='line_1_7' title="bbox 281 779 1592 835; baseline -0.004 -10"><span class='ocrx_word' id='word_1_38' title='bbox 281 782 479 826; x_wconf 85' lang='lat' dir='ltr'>Ceterum</span> <span class='ocrx_word' id='word_1_39' title='bbox 510 781 705 824; x_wconf 90' lang='lat' dir='ltr'>concludi</span> <span class='ocrx_word' id='word_1_40' title='bbox 735 780 908 835; x_wconf 87' lang='lat' dir='ltr'>poterit,</span> <span class='ocrx_word' id='word_1_41' title='bbox 956 779 1096 822; x_wconf 85' lang='lat' dir='ltr'>multis</span> <span class='ocrx_word' id='word_1_42' title='bbox 1127 786 1169 821; x_wconf 89' lang='grc'>61</span> <span class='ocrx_word' id='word_1_43' title='bbox 1196 779 1428 835; x_wconf 82' lang='lat' dir='ltr'>splendidis</span> <span class='ocrx_word' id='word_1_44' title='bbox 1455 779 1592 834; x_wconf 86' lang='lat' dir='ltr'>operi—</span> 
     </span>
     <span class='ocr_line' id='line_1_8' title="bbox 169 848 1593 900; baseline -0.002 -7"><span class='ocrx_word' id='word_1_45' title='bbox 169 851 246 894; x_wconf 87' lang='lat' dir='ltr'>bus</span> <span class='ocrx_word' id='word_1_46' title='bbox 265 855 307 892; x_wconf 84' lang='lat' dir='ltr'>et</span> <span class='ocrx_word' id='word_1_47' title='bbox 323 850 509 893; x_wconf 88' lang='lat' dir='ltr'>artificiis</span> <span class='ocrx_word' id='word_1_48' title='bbox 529 850 789 893; x_wconf 90' lang='lat' dir='ltr'>conditorem</span> <span class='ocrx_word' id='word_1_49' title='bbox 809 850 954 891; x_wconf 89' lang='lat' dir='ltr'>urbem</span> <span class='ocrx_word' id='word_1_50' title='bbox 975 861 1096 891; x_wconf 89' lang='lat' dir='ltr'>suam</span> <span class='ocrx_word' id='word_1_51' title='bbox 1118 849 1350 891; x_wconf 74' lang='lat' dir='ltr'>ornavisse.</span> <span class='ocrx_word' id='word_1_52' title='bbox 1393 849 1546 891; x_wconf 85' lang='lat' dir='ltr'>Strabo</span> <span class='ocrx_word' id='word_1_53' title='bbox 1561 848 1593 900; x_wconf 76' lang='lat'>⁸)</span> 
     </span>
     <span class='ocr_line' id='line_1_9' title="bbox 173 918 1595 973; baseline -0.001 -11"><span class='ocrx_word' id='word_1_54' title='bbox 173 919 344 973; x_wconf 83' lang='lat' dir='ltr'>quidem</span> <span class='ocrx_word' id='word_1_55' title='bbox 378 933 455 962; x_wconf 89' lang='lat' dir='ltr'>nos</span> <span class='ocrx_word' id='word_1_56' title='bbox 485 920 620 970; x_wconf 88' lang='lat' dir='ltr'>docet,</span> <span class='ocrx_word' id='word_1_57' title='bbox 653 920 876 962; x_wconf 81' lang='lat' dir='ltr'>Seleucum</span> <span class='ocrx_word' id='word_1_58' title='bbox 909 919 1152 961; x_wconf 79' lang='lat' dir='ltr'>Nicatorem</span> <span class='ocrx_word' id='word_1_59' title='bbox 1184 918 1360 972; x_wconf 87' lang='lat' dir='ltr'>ejusque</span> <span class='ocrx_word' id='word_1_60' title='bbox 1380 930 1595 960; x_wconf 89' lang='lat' dir='ltr'>successo-</span> 
     </span>
     <span class='ocr_line' id='line_1_10' title="bbox 169 987 1596 1039; baseline -0.002 -8"><span class='ocrx_word' id='word_1_61' title='bbox 169 1001 238 1031; x_wconf 87' lang='lat' dir='ltr'>res</span> <span class='ocrx_word' id='word_1_62' title='bbox 266 989 361 1031; x_wconf 82' lang='lat' dir='ltr'>urbi</span> <span class='ocrx_word' id='word_1_63' title='bbox 392 1002 530 1031; x_wconf 84' lang='lat' dir='ltr'>novae</span> <span class='ocrx_word' id='word_1_64' title='bbox 559 989 745 1031; x_wconf 74' lang='lat' dir='ltr'>maxime</span> <span class='ocrx_word' id='word_1_65' title='bbox 772 989 937 1031; x_wconf 77' lang='lat' dir='ltr'>favisse.</span> <span class='ocrx_word' id='word_1_66' title='bbox 985 987 1090 1029; x_wconf 87' lang='lat' dir='ltr'>Cum</span> <span class='ocrx_word' id='word_1_67' title='bbox 1112 994 1255 1029; x_wconf 86' lang='lat' dir='ltr'>autem</span> <span class='ocrx_word' id='word_1_68' title='bbox 1281 987 1596 1039; x_wconf 84' lang='lat' dir='ltr'>insequentibus</span> 
     </span>
     <span class='ocr_line' id='line_1_11' title="bbox 170 1055 1596 1113; baseline -0.002 -13"><span class='ocrx_word' id='word_1_69' title='bbox 170 1057 432 1113; x_wconf 84' lang='lat' dir='ltr'>temporibus</span> <span class='ocrx_word' id='word_1_70' title='bbox 466 1071 644 1112; x_wconf 82' lang='lat' dir='ltr'>regnum</span> <span class='ocrx_word' id='word_1_71' title='bbox 676 1057 994 1100; x_wconf 80' lang='lat' dir='ltr'>Seleucidarum</span> <span class='ocrx_word' id='word_1_72' title='bbox 1025 1056 1230 1111; x_wconf 84' lang='lat' dir='ltr'>imprimis</span> <span class='ocrx_word' id='word_1_73' title='bbox 1263 1055 1359 1097; x_wconf 90' lang='lat' dir='ltr'>inde</span> <span class='ocrx_word' id='word_1_74' title='bbox 1387 1068 1413 1096; x_wconf 90' lang='lat' dir='ltr'>a</span> <span class='ocrx_word' id='word_1_75' title='bbox 1437 1055 1596 1110; x_wconf 90' lang='lat' dir='ltr'>proelio</span> 
     </span>
     <span class='ocr_line' id='line_1_12' title="bbox 169 1125 1598 1181; baseline -0.001 -13"><span class='ocrx_word' id='word_1_76' title='bbox 169 1127 229 1168; x_wconf 85' lang='lat' dir='ltr'>ad</span> <span class='ocrx_word' id='word_1_77' title='bbox 254 1126 521 1181; x_wconf 86' lang='lat' dir='ltr'>Magnesiam</span> <span class='ocrx_word' id='word_1_78' title='bbox 553 1127 778 1168; x_wconf 84' lang='lat' dir='ltr'>commisso</span> <span class='ocrx_word' id='word_1_79' title='bbox 811 1126 948 1179; x_wconf 79' lang='lat' dir='ltr'>magis</span> <span class='ocrx_word' id='word_1_80' title='bbox 980 1125 1203 1179; x_wconf 82' lang='lat' dir='ltr'>magisque</span> <span class='ocrx_word' id='word_1_81' title='bbox 1228 1125 1440 1167; x_wconf 80' lang='lat' dir='ltr'>laberetur</span> <span class='ocrx_word' id='word_1_82' title='bbox 1458 1137 1598 1178; x_wconf 85' lang='lat' dir='ltr'>reges-</span> 
     </span>
     <span class='ocr_line' id='line_1_13' title="bbox 172 1193 1599 1250; baseline -0.001 -14"><span class='ocrx_word' id='word_1_83' title='bbox 172 1208 255 1248; x_wconf 90' lang='lat' dir='ltr'>que</span> <span class='ocrx_word' id='word_1_84' title='bbox 285 1195 437 1250; x_wconf 76' lang='lat' dir='ltr'>Syriae</span> <span class='ocrx_word' id='word_1_85' title='bbox 468 1196 736 1238; x_wconf 84' lang='lat' dir='ltr'>Antiochiam</span> <span class='ocrx_word' id='word_1_86' title='bbox 768 1195 904 1236; x_wconf 83' lang='lat' dir='ltr'>omnis</span> <span class='ocrx_word' id='word_1_87' title='bbox 947 1194 1112 1248; x_wconf 87' lang='lat' dir='ltr'>generis</span> <span class='ocrx_word' id='word_1_88' title='bbox 1153 1193 1350 1248; x_wconf 86' lang='lat' dir='ltr'>operibus</span> <span class='ocrx_word' id='word_1_89' title='bbox 1391 1193 1599 1235; x_wconf 82' lang='lat' dir='ltr'>ademare</span> 
     </span>
     <span class='ocr_line' id='line_1_14' title="bbox 174 1262 1601 1319; baseline -0.002 -13"><span class='ocrx_word' id='word_1_90' title='bbox 174 1265 403 1319; x_wconf 87' lang='lat' dir='ltr'>studerent,</span> <span class='ocrx_word' id='word_1_91' title='bbox 438 1265 675 1306; x_wconf 86' lang='lat' dir='ltr'>Seleuciam</span> <span class='ocrx_word' id='word_1_92' title='bbox 708 1264 959 1306; x_wconf 85' lang='lat' dir='ltr'>ditissimam</span> <span class='ocrx_word' id='word_1_93' title='bbox 988 1262 1164 1317; x_wconf 81' lang='lat' dir='ltr'>perinde</span> <span class='ocrx_word' id='word_1_94' title='bbox 1193 1275 1243 1304; x_wconf 89' lang='lat' dir='ltr'>ac</span> <span class='ocrx_word' id='word_1_95' title='bbox 1274 1267 1335 1303; x_wconf 86' lang='lat' dir='ltr'>tot</span> <span class='ocrx_word' id='word_1_96' title='bbox 1352 1262 1457 1304; x_wconf 78' lang='lat' dir='ltr'>alias</span> <span class='ocrx_word' id='word_1_97' title='bbox 1477 1262 1601 1303; x_wconf 89' lang='lat' dir='ltr'>urbes</span> 
     </span>
     <span class='ocr_line' id='line_1_15' title="bbox 173 1330 1598 1388; baseline -0.004 -12"><span class='ocrx_word' id='word_1_98' title='bbox 173 1333 458 1376; x_wconf 82' lang='lat' dir='ltr'>Graecanicas</span> <span class='ocrx_word' id='word_1_99' title='bbox 490 1347 513 1376; x_wconf 91' lang='grc'>6</span> <span class='ocrx_word' id='word_1_100' title='bbox 544 1334 733 1388; x_wconf 79' lang='lat' dir='ltr'>sedibus,</span> <span class='ocrx_word' id='word_1_101' title='bbox 775 1332 845 1375; x_wconf 89' lang='lat' dir='ltr'>ubi</span> <span class='ocrx_word' id='word_1_102' title='bbox 885 1339 974 1374; x_wconf 89' lang='lat' dir='ltr'>tum</span> <span class='ocrx_word' id='word_1_103' title='bbox 1015 1337 1127 1373; x_wconf 88' lang='lat' dir='ltr'>artes</span> <span class='ocrx_word' id='word_1_104' title='bbox 1169 1331 1356 1372; x_wconf 80' lang='lat' dir='ltr'>maxime</span> <span class='ocrx_word' id='word_1_105' title='bbox 1384 1330 1598 1384; x_wconf 81' lang='lat' dir='ltr'>florebant,</span> 
     </span>
     <span class='ocr_line' id='line_1_16' title="bbox 173 1399 1601 1457; baseline -0.003 -13"><span class='ocrx_word' id='word_1_106' title='bbox 173 1402 373 1457; x_wconf 81' lang='lat' dir='ltr'>Sicyone,</span> <span class='ocrx_word' id='word_1_107' title='bbox 404 1402 593 1456; x_wconf 84' lang='lat' dir='ltr'>Athenis,</span> <span class='ocrx_word' id='word_1_108' title='bbox 633 1414 656 1443; x_wconf 90' lang='lat' dir='ltr'>e</span> <span class='ocrx_word' id='word_1_109' title='bbox 686 1401 839 1444; x_wconf 84' lang='lat' dir='ltr'>Rhodo</span> <span class='ocrx_word' id='word_1_110' title='bbox 870 1401 1009 1443; x_wconf 89' lang='lat' dir='ltr'>insula</span> <span class='ocrx_word' id='word_1_111' title='bbox 1036 1400 1111 1441; x_wconf 87' lang='lat' dir='ltr'>illa</span> <span class='ocrx_word' id='word_1_112' title='bbox 1138 1404 1390 1442; x_wconf 88' lang='lat' dir='ltr'>ornamenta</span> <span class='ocrx_word' id='word_1_113' title='bbox 1418 1399 1533 1441; x_wconf 77' lang='lat' dir='ltr'>vitae</span> <span class='ocrx_word' id='word_1_114' title='bbox 1560 1403 1601 1440; x_wconf 91' lang='lat' dir='ltr'>et</span> 
     </span>
     <span class='ocr_line' id='line_1_17' title="bbox 175 1466 1597 1525; baseline -0.004 -13"><span class='ocrx_word' id='word_1_115' title='bbox 175 1470 367 1525; x_wconf 83' lang='lat' dir='ltr'>privatae</span> <span class='ocrx_word' id='word_1_116' title='bbox 407 1475 450 1513; x_wconf 85' lang='lat' dir='ltr'>et</span> <span class='ocrx_word' id='word_1_117' title='bbox 480 1471 674 1525; x_wconf 89' lang='lat' dir='ltr'>publicae</span> <span class='ocrx_word' id='word_1_118' title='bbox 714 1469 985 1512; x_wconf 64' lang='lat' dir='ltr'>arcessixisse</span> <span class='ocrx_word' id='word_1_119' title='bbox 1025 1468 1251 1511; x_wconf 80' lang='lat' dir='ltr'>verisimile</span> <span class='ocrx_word' id='word_1_120' title='bbox 1283 1473 1359 1512; x_wconf 89' lang='lat' dir='ltr'>est.</span> <span class='ocrx_word' id='word_1_121' title='bbox 1417 1469 1530 1509; x_wconf 88' lang='lat' dir='ltr'>Nam</span> <span class='ocrx_word' id='word_1_122' title='bbox 1555 1466 1597 1508; x_wconf 89' lang='lat' dir='ltr'>in</span> 
     </span>
     <span class='ocr_line' id='line_1_18' title="bbox 174 1536 1596 1594; baseline -0.004 -13"><span class='ocrx_word' id='word_1_123' title='bbox 174 1539 272 1594; x_wconf 89' lang='lat' dir='ltr'>ipsa</span> <span class='ocrx_word' id='word_1_124' title='bbox 302 1540 405 1582; x_wconf 88' lang='lat' dir='ltr'>urbe</span> <span class='ocrx_word' id='word_1_125' title='bbox 433 1540 630 1583; x_wconf 85' lang='lat' dir='ltr'>Seleucia</span> <span class='ocrx_word' id='word_1_126' title='bbox 656 1540 823 1582; x_wconf 89' lang='lat' dir='ltr'>scholas</span> <span class='ocrx_word' id='word_1_127' title='bbox 856 1538 1076 1594; x_wconf 83' lang='lat' dir='ltr'>quasdam,</span> <span class='ocrx_word' id='word_1_128' title='bbox 1104 1537 1256 1590; x_wconf 89' lang='lat' dir='ltr'>quibus</span> <span class='ocrx_word' id='word_1_129' title='bbox 1284 1537 1477 1592; x_wconf 85' lang='lat' dir='ltr'>discipuli</span> <span class='ocrx_word' id='word_1_130' title='bbox 1501 1536 1596 1578; x_wconf 85' lang='lat' dir='ltr'>arti-</span> 
     </span>
     <span class='ocr_line' id='line_1_19' title="bbox 180 1605 1602 1664; baseline -0.003 -14"><span class='ocrx_word' id='word_1_131' title='bbox 180 1609 259 1650; x_wconf 86' lang='lat' dir='ltr'>bus</span> <span class='ocrx_word' id='word_1_132' title='bbox 306 1614 436 1663; x_wconf 85' lang='lat' dir='ltr'>atque</span> <span class='ocrx_word' id='word_1_133' title='bbox 481 1609 654 1664; x_wconf 83' lang='lat' dir='ltr'>opificiis</span> <span class='ocrx_word' id='word_1_134' title='bbox 693 1609 1029 1660; x_wconf 81' lang='lat' dir='ltr'>instituerentur,</span> <span class='ocrx_word' id='word_1_135' title='bbox 1075 1607 1266 1649; x_wconf 79' lang='lat' dir='ltr'>floruisse</span> <span class='ocrx_word' id='word_1_136' title='bbox 1305 1606 1391 1647; x_wconf 74' lang='lat' dir='ltr'>vix</span> <span class='ocrx_word' id='word_1_137' title='bbox 1418 1605 1602 1657; x_wconf 84' lang='lat' dir='ltr'>credam,</span> 
     </span>
     <span class='ocr_line' id='line_1_20' title="bbox 176 1676 1595 1733; baseline -0.005 -11"><span class='ocrx_word' id='word_1_138' title='bbox 176 1677 334 1733; x_wconf 79' lang='lat' dir='ltr'>quippe</span> <span class='ocrx_word' id='word_1_139' title='bbox 373 1691 469 1721; x_wconf 89' lang='lat' dir='ltr'>cum</span> <span class='ocrx_word' id='word_1_140' title='bbox 520 1682 610 1721; x_wconf 87' lang='grc'><strong>1013</strong></span> <span class='ocrx_word' id='word_1_141' title='bbox 648 1679 766 1733; x_wconf 85' lang='lat' dir='ltr'>regio</span> <span class='ocrx_word' id='word_1_142' title='bbox 821 1679 1043 1719; x_wconf 86' lang='lat' dir='ltr'>marmoris</span> <span class='ocrx_word' id='word_1_143' title='bbox 1092 1676 1354 1728; x_wconf 83' lang='lat' dir='ltr'>aliorumque</span> <span class='ocrx_word' id='word_1_144' title='bbox 1393 1687 1595 1729; x_wconf 85' lang='lat' dir='ltr'>generum</span> 
     </span>
     <span class='ocr_line' id='line_1_21' title="bbox 174 1743 1604 1798; baseline -0.003 -9"><span class='ocrx_word' id='word_1_145' title='bbox 174 1759 376 1790; x_wconf 81' lang='lat' dir='ltr'>saxorum</span> <span class='ocrx_word' id='word_1_146' title='bbox 412 1753 586 1790; x_wconf 89' lang='lat' dir='ltr'>careret.</span> <span class='ocrx_word' id='word_1_147' title='bbox 661 1746 752 1789; x_wconf 85' lang='lat' dir='ltr'>Etsi</span> <span class='ocrx_word' id='word_1_148' title='bbox 803 1752 1057 1788; x_wconf 86' lang='lat' dir='ltr'>mercatores</span> <span class='ocrx_word' id='word_1_149' title='bbox 1102 1745 1237 1786; x_wconf 87' lang='lat' dir='ltr'>omnis</span> <span class='ocrx_word' id='word_1_150' title='bbox 1287 1743 1452 1798; x_wconf 85' lang='lat' dir='ltr'>generis</span> <span class='ocrx_word' id='word_1_151' title='bbox 1499 1755 1604 1785; x_wconf 80' lang='lat' dir='ltr'>saxa</span> 
     </span>
     <span class='ocr_line' id='line_1_22' title="bbox 176 1811 1603 1871; baseline -0.004 -13"><span class='ocrx_word' id='word_1_152' title='bbox 176 1828 393 1859; x_wconf 85' lang='lat' dir='ltr'>arcessere</span> <span class='ocrx_word' id='word_1_153' title='bbox 421 1821 641 1871; x_wconf 89' lang='lat' dir='ltr'>poterant,</span> <span class='ocrx_word' id='word_1_154' title='bbox 674 1823 847 1858; x_wconf 74' lang='lat' dir='ltr'>vectura</span> <span class='ocrx_word' id='word_1_155' title='bbox 878 1820 1021 1856; x_wconf 90' lang='lat' dir='ltr'>tamen</span> <span class='ocrx_word' id='word_1_156' title='bbox 1048 1820 1188 1857; x_wconf 88' lang='lat' dir='ltr'>tantos</span> <span class='ocrx_word' id='word_1_157' title='bbox 1206 1818 1399 1868; x_wconf 89' lang='lat' dir='ltr'>sumptus</span> <span class='ocrx_word' id='word_1_158' title='bbox 1418 1811 1603 1867; x_wconf 87' lang='lat' dir='ltr'>postula-</span> 
     </span>
     <span class='ocr_line' id='line_1_23' title="bbox 176 1880 1604 1941; baseline -0.004 -15"><span class='ocrx_word' id='word_1_159' title='bbox 176 1884 252 1941; x_wconf 82' lang='lat' dir='ltr'>vit,</span> <span class='ocrx_word' id='word_1_160' title='bbox 292 1891 474 1939; x_wconf 89' lang='lat' dir='ltr'>quantos</span> <span class='ocrx_word' id='word_1_161' title='bbox 507 1885 692 1927; x_wconf 87' lang='lat' dir='ltr'>artifices</span> <span class='ocrx_word' id='word_1_162' title='bbox 721 1883 965 1939; x_wconf 87' lang='lat' dir='ltr'>impendere</span> <span class='ocrx_word' id='word_1_163' title='bbox 995 1897 1079 1925; x_wconf 88' lang='lat' dir='ltr'>non</span> <span class='ocrx_word' id='word_1_164' title='bbox 1110 1886 1349 1937; x_wconf 86' lang='lat' dir='ltr'>potuerunt.</span> <span class='ocrx_word' id='word_1_165' title='bbox 1407 1882 1499 1923; x_wconf 89' lang='lat' dir='ltr'>Hac</span> <span class='ocrx_word' id='word_1_166' title='bbox 1527 1880 1604 1934; x_wconf 77' lang='lat' dir='ltr'>igi-</span> 
     </span>
     <span class='ocr_line' id='line_1_24' title="bbox 177 1949 1605 2009; baseline -0.004 -14"><span class='ocrx_word' id='word_1_167' title='bbox 177 1958 246 1996; x_wconf 85' lang='lat' dir='ltr'>tur</span> <span class='ocrx_word' id='word_1_168' title='bbox 272 1967 424 1997; x_wconf 87' lang='lat' dir='ltr'>caussa</span> <span class='ocrx_word' id='word_1_169' title='bbox 453 1962 689 2009; x_wconf 83' lang='lat' dir='ltr'>commotus</span> <span class='ocrx_word' id='word_1_170' title='bbox 730 1954 932 2008; x_wconf 87' lang='lat' dir='ltr'>pleraque</span> <span class='ocrx_word' id='word_1_171' title='bbox 973 1951 1143 2004; x_wconf 85' lang='lat' dir='ltr'>quidem</span> <span class='ocrx_word' id='word_1_172' title='bbox 1174 1964 1304 2006; x_wconf 87' lang='lat' dir='ltr'>opera</span> <span class='ocrx_word' id='word_1_173' title='bbox 1330 1949 1605 1992; x_wconf 65' lang='lat' dir='ltr'>Seleucenses</span> 
     </span>
     <span class='ocr_line' id='line_1_25' title="bbox 178 2020 1604 2075; baseline -0.004 -10"><span class='ocrx_word' id='word_1_174' title='bbox 178 2036 232 2065; x_wconf 81' lang='lat' dir='ltr'>ex</span> <span class='ocrx_word' id='word_1_175' title='bbox 258 2024 353 2066; x_wconf 85' lang='lat' dir='ltr'>aliis</span> <span class='ocrx_word' id='word_1_176' title='bbox 383 2024 554 2066; x_wconf 88' lang='lat' dir='ltr'>urbibus</span> <span class='ocrx_word' id='word_1_177' title='bbox 584 2023 854 2066; x_wconf 63' lang='lat' dir='ltr'>arcessffisse</span> <span class='ocrx_word' id='word_1_178' title='bbox 882 2022 1060 2064; x_wconf 88' lang='lat' dir='ltr'>arbitror</span> <span class='ocrx_word' id='word_1_179' title='bbox 1092 2020 1328 2075; x_wconf 87' lang='lat' dir='ltr'>sumptibus</span> <span class='ocrx_word' id='word_1_180' title='bbox 1359 2024 1502 2061; x_wconf 88' lang='lat' dir='ltr'>tamen</span> <span class='ocrx_word' id='word_1_181' title='bbox 1520 2032 1604 2060; x_wconf 87' lang='lat' dir='ltr'>non</span> 
     </span>
     <span class='ocr_line' id='line_1_26' title="bbox 178 2089 1609 2143; baseline -0.006 -6"><span class='ocrx_word' id='word_1_182' title='bbox 178 2093 324 2137; x_wconf 81' lang='lat' dir='ltr'>auctis.</span> <span class='ocrx_word' id='word_1_183' title='bbox 386 2093 571 2135; x_wconf 83' lang='lat' dir='ltr'>Maxime</span> <span class='ocrx_word' id='word_1_184' title='bbox 601 2098 665 2135; x_wconf 89' lang='lat' dir='ltr'>est</span> <span class='ocrx_word' id='word_1_185' title='bbox 696 2091 936 2141; x_wconf 88' lang='lat' dir='ltr'>dolendum,</span> <span class='ocrx_word' id='word_1_186' title='bbox 966 2089 1080 2143; x_wconf 88' lang='lat' dir='ltr'>quod</span> <span class='ocrx_word' id='word_1_187' title='bbox 1112 2090 1233 2131; x_wconf 85' lang='lat' dir='ltr'>unius</span> <span class='ocrx_word' id='word_1_188' title='bbox 1258 2094 1420 2131; x_wconf 89' lang='lat' dir='ltr'>tautum</span> <span class='ocrx_word' id='word_1_189' title='bbox 1441 2092 1609 2130; x_wconf 86' lang='lat' dir='ltr'>statuae</span> 
     </span>
     <span class='ocr_line' id='line_1_27' title="bbox 179 2158 1606 2210; baseline -0.004 -6"><span class='ocrx_word' id='word_1_190' title='bbox 179 2162 384 2205; x_wconf 89' lang='lat' dir='ltr'>memoria</span> <span class='ocrx_word' id='word_1_191' title='bbox 423 2167 576 2205; x_wconf 78' lang='lat' dir='ltr'>exstat.</span> <span class='ocrx_word' id='word_1_192' title='bbox 635 2161 886 2203; x_wconf 86' lang='lat' dir='ltr'>Ammianus</span> <span class='ocrx_word' id='word_1_193' title='bbox 932 2159 1044 2202; x_wconf 87' lang='lat' dir='ltr'>enim</span> <span class='ocrx_word' id='word_1_194' title='bbox 1090 2158 1359 2200; x_wconf 86' lang='lat' dir='ltr'>Marcellinus</span> <span class='ocrx_word' id='word_1_195' title='bbox 1375 2160 1406 2209; x_wconf 62' lang='lat'>4)</span> <span class='ocrx_word' id='word_1_196' title='bbox 1451 2162 1606 2210; x_wconf 86' lang='lat' dir='ltr'>narrat,</span> 
     </span>
     <span class='ocr_line' id='line_1_28' title="bbox 179 2225 1602 2282; baseline -0.006 -8"><span class='ocrx_word' id='word_1_197' title='bbox 179 2244 275 2274; x_wconf 88' lang='lat' dir='ltr'>cum</span> <span class='ocrx_word' id='word_1_198' title='bbox 308 2231 502 2274; x_wconf 87' lang='lat' dir='ltr'>Seleucia</span> <span class='ocrx_word' id='word_1_199' title='bbox 532 2245 558 2273; x_wconf 89' lang='lat' dir='ltr'>a</span> <span class='ocrx_word' id='word_1_200' title='bbox 584 2231 759 2274; x_wconf 87' lang='lat' dir='ltr'>ducibus</span> <span class='ocrx_word' id='word_1_201' title='bbox 780 2231 831 2274; x_wconf 87' lang='lat' dir='ltr'>L.</span> <span class='ocrx_word' id='word_1_202' title='bbox 854 2229 950 2271; x_wconf 84' lang='lat' dir='ltr'>Veri</span> <span class='ocrx_word' id='word_1_203' title='bbox 971 2227 1167 2272; x_wconf 85' lang='lat' dir='ltr'>Caesaris</span> <span class='ocrx_word' id='word_1_204' title='bbox 1186 2232 1451 2282; x_wconf 84' lang='lat' dir='ltr'>everteretur,</span> <span class='ocrx_word' id='word_1_205' title='bbox 1486 2225 1602 2268; x_wconf 80' lang='lat' dir='ltr'>avul-</span> 
     </span>
     <span class='ocr_line' id='line_1_29' title="bbox 179 2295 1607 2352; baseline -0.006 -8"><span class='ocrx_word' id='word_1_206' title='bbox 179 2314 273 2344; x_wconf 91' lang='lat' dir='ltr'>sum</span> <span class='ocrx_word' id='word_1_207' title='bbox 313 2301 414 2343; x_wconf 85' lang='lat' dir='ltr'>sede</span> <span class='ocrx_word' id='word_1_208' title='bbox 448 2314 527 2344; x_wconf 88' lang='lat' dir='ltr'>sua</span> <span class='ocrx_word' id='word_1_209' title='bbox 567 2301 812 2344; x_wconf 84' lang='lat' dir='ltr'>simularum</span> <span class='ocrx_word' id='word_1_210' title='bbox 844 2298 990 2342; x_wconf 87' lang='lat' dir='ltr'>Comei</span> <span class='ocrx_word' id='word_1_211' title='bbox 1004 2299 1043 2350; x_wconf 62' lang='lat'>²³⁴)</span> <span class='ocrx_word' id='word_1_212' title='bbox 1076 2296 1283 2352; x_wconf 85' lang='lat' dir='ltr'>Apollinis</span> <span class='ocrx_word' id='word_1_213' title='bbox 1315 2295 1607 2351; x_wconf 87' lang='lat' dir='ltr'>perlatumque</span> 
     </span>
    </p>
   </div>
   <div class='ocr_carea' id='block_1_3' title="bbox 187 2387 444 2392">
    <p class='ocr_par' dir='ltr' id='par_1_4' title="bbox 187 2387 444 2392">
     <span class='ocr_line' id='line_1_30' title="bbox 187 2387 444 2392; baseline 0 0"><span class='ocrx_word' id='word_1_214' title='bbox 187 2387 444 2392; x_wconf 95' lang='lat' dir='ltr'> </span> 
     </span>
    </p>
   </div>
   <div class='ocr_carea' id='block_1_4' title="bbox 180 2415 1609 2811">
    <p class='ocr_par' dir='ltr' id='par_1_5' title="bbox 277 2415 733 2463">
     <span class='ocr_line' id='line_1_31' title="bbox 277 2415 733 2463; baseline -0.009 -10"><span class='ocrx_word' id='word_1_215' title='bbox 277 2419 314 2463; x_wconf 82' lang='lat'>2)</span> <span class='ocrx_word' id='word_1_216' title='bbox 341 2418 500 2459; x_wconf 86' lang='lat' dir='ltr'>Heeren⁷</span> <span class='ocrx_word' id='word_1_217' title='bbox 521 2416 634 2450; x_wconf 88' lang='lat' dir='ltr'>Ideen</span> <span class='ocrx_word' id='word_1_218' title='bbox 660 2416 682 2450; x_wconf 82' lang='lat' dir='ltr'>l.</span> <span class='ocrx_word' id='word_1_219' title='bbox 711 2415 733 2449; x_wconf 94' lang='lat' dir='ltr'>l.</span> 
     </span>
    </p>

    <p class='ocr_par' dir='ltr' id='par_1_6' title="bbox 273 2473 707 2520">
     <span class='ocr_line' id='line_1_32' title="bbox 273 2473 707 2520; baseline -0.007 -10"><span class='ocrx_word' id='word_1_220' title='bbox 273 2475 310 2520; x_wconf 75' lang='lat'>3)</span> <span class='ocrx_word' id='word_1_221' title='bbox 338 2474 472 2510; x_wconf 83' lang='lat' dir='ltr'>Strabo</span> <span class='ocrx_word' id='word_1_222' title='bbox 500 2474 603 2517; x_wconf 69' lang='grc' dir='ltr'>ΧΠ,</span> <span class='ocrx_word' id='word_1_223' title='bbox 632 2473 707 2508; x_wconf 66' lang='grc'>738.</span> 
     </span>
    </p>

    <p class='ocr_par' dir='ltr' id='par_1_7' title="bbox 273 2523 1564 2576">
     <span class='ocr_line' id='line_1_33' title="bbox 273 2523 1564 2576; baseline -0.007 -8"><span class='ocrx_word' id='word_1_224' title='bbox 273 2534 310 2576; x_wconf 85' lang='lat'>4)</span> <span class='ocrx_word' id='word_1_225' title='bbox 337 2533 509 2568; x_wconf 87' lang='lat' dir='ltr'>Ammian</span> <span class='ocrx_word' id='word_1_226' title='bbox 547 2531 660 2566; x_wconf 82' lang='lat' dir='ltr'>Mare.</span> <span class='ocrx_word' id='word_1_227' title='bbox 687 2530 833 2573; x_wconf 84' lang='lat' dir='ltr'>XXIII,</span> <span class='ocrx_word' id='word_1_228' title='bbox 859 2530 890 2574; x_wconf 67' lang='lat'>6,</span> <span class='ocrx_word' id='word_1_229' title='bbox 917 2530 961 2563; x_wconf 72' lang='lat'>24</span> <span class='ocrx_word' id='word_1_230' title='bbox 988 2534 1023 2564; x_wconf 90' lang='lat' dir='ltr'>et</span> <span class='ocrx_word' id='word_1_231' title='bbox 1048 2528 1135 2563; x_wconf 90' lang='lat' dir='ltr'>ibid.</span> <span class='ocrx_word' id='word_1_232' title='bbox 1180 2527 1301 2562; x_wconf 75' lang='lat' dir='ltr'>vales.</span> <span class='ocrx_word' id='word_1_233' title='bbox 1328 2531 1364 2561; x_wconf 89' lang='lat' dir='ltr'>et</span> <span class='ocrx_word' id='word_1_234' title='bbox 1391 2523 1564 2571; x_wconf 89' lang='lat' dir='ltr'>Wagner.</span> 
     </span>
    </p>

    <p class='ocr_par' dir='ltr' id='par_1_8' title="bbox 180 2583 1609 2811">
     <span class='ocr_line' id='line_1_34' title="bbox 273 2583 1590 2636; baseline -0.008 -9"><span class='ocrx_word' id='word_1_235' title='bbox 273 2591 311 2636; x_wconf 63' lang='lat'>³⁶)</span> <span class='ocrx_word' id='word_1_236' title='bbox 337 2591 523 2626; x_wconf 85' lang='lat' dir='ltr'>Incertum</span> <span class='ocrx_word' id='word_1_237' title='bbox 557 2594 628 2635; x_wconf 83' lang='lat' dir='ltr'>est,</span> <span class='ocrx_word' id='word_1_238' title='bbox 668 2589 756 2636; x_wconf 86' lang='lat' dir='ltr'>quid</span> <span class='ocrx_word' id='word_1_239' title='bbox 796 2599 865 2623; x_wconf 79' lang='lat' dir='ltr'>vox</span> <span class='ocrx_word' id='word_1_240' title='bbox 897 2586 1067 2631; x_wconf 52' lang='lat' dir='ltr'>„Comei‘ff</span> <span class='ocrx_word' id='word_1_241' title='bbox 1100 2584 1292 2631; x_wconf 83' lang='lat' dir='ltr'>significet.</span> <span class='ocrx_word' id='word_1_242' title='bbox 1342 2583 1488 2619; x_wconf 87' lang='lat' dir='ltr'>Vanum</span> <span class='ocrx_word' id='word_1_243' title='bbox 1513 2592 1590 2617; x_wconf 82' lang='lat' dir='ltr'>esse</span> 
     </span>
     <span class='ocr_line' id='line_1_35' title="bbox 180 2639 1600 2697; baseline -0.008 -11"><span class='ocrx_word' id='word_1_244' title='bbox 180 2650 281 2697; x_wconf 82' lang='lat' dir='ltr'>quod</span> <span class='ocrx_word' id='word_1_245' title='bbox 305 2650 350 2685; x_wconf 89' lang='lat' dir='ltr'>de</span> <span class='ocrx_word' id='word_1_246' title='bbox 377 2650 446 2684; x_wconf 87' lang='lat' dir='ltr'>hoc</span> <span class='ocrx_word' id='word_1_247' title='bbox 470 2649 583 2684; x_wconf 87' lang='lat' dir='ltr'>verbo</span> <span class='ocrx_word' id='word_1_248' title='bbox 609 2647 809 2683; x_wconf 83' lang='lat' dir='ltr'>Salmasius</span> <span class='ocrx_word' id='word_1_249' title='bbox 834 2647 881 2680; x_wconf 89' lang='lat' dir='ltr'>ad</span> <span class='ocrx_word' id='word_1_250' title='bbox 907 2645 1050 2681; x_wconf 82' lang='lat' dir='ltr'>Julium</span> <span class='ocrx_word' id='word_1_251' title='bbox 1067 2643 1264 2690; x_wconf 78' lang='lat' dir='ltr'>Capitolia.</span> <span class='ocrx_word' id='word_1_252' title='bbox 1291 2642 1326 2676; x_wconf 89' lang='lat' dir='ltr'>in</span> <span class='ocrx_word' id='word_1_253' title='bbox 1340 2641 1436 2677; x_wconf 87' lang='lat' dir='ltr'>Vero</span> <span class='ocrx_word' id='word_1_254' title='bbox 1454 2653 1485 2676; x_wconf 89' lang='lat' dir='ltr'>c.</span> <span class='ocrx_word' id='word_1_255' title='bbox 1507 2639 1600 2676; x_wconf 89' lang='lat' dir='ltr'>VIII</span> 
     </span>
     <span class='ocr_line' id='line_1_36' title="bbox 181 2698 1609 2745; baseline -0.008 -2"><span class='ocrx_word' id='word_1_256' title='bbox 181 2711 219 2743; x_wconf 83' lang='lat' dir='ltr'>et</span> <span class='ocrx_word' id='word_1_257' title='bbox 252 2707 512 2743; x_wconf 84' lang='lat' dir='ltr'>Tillemontius</span> <span class='ocrx_word' id='word_1_258' title='bbox 548 2712 636 2741; x_wconf 89' lang='lat' dir='ltr'>tom.</span> <span class='ocrx_word' id='word_1_259' title='bbox 668 2705 742 2740; x_wconf 75' lang='lat' dir='ltr'>VH</span> <span class='ocrx_word' id='word_1_260' title='bbox 785 2703 1045 2740; x_wconf 84' lang='lat' dir='ltr'>memoriarum</span> <span class='ocrx_word' id='word_1_261' title='bbox 1079 2702 1163 2736; x_wconf 85' lang='lat' dir='ltr'>hist.</span> <span class='ocrx_word' id='word_1_262' title='bbox 1193 2701 1318 2736; x_wconf 87' lang='lat' dir='ltr'>eccles.</span> <span class='ocrx_word' id='word_1_263' title='bbox 1354 2711 1389 2745; x_wconf 91' lang='lat' dir='ltr'>p.</span> <span class='ocrx_word' id='word_1_264' title='bbox 1423 2698 1490 2732; x_wconf 78' lang='lat'>664</span> <span class='ocrx_word' id='word_1_265' title='bbox 1529 2709 1609 2744; x_wconf 84' lang='lat' dir='ltr'>sqq·</span> 
     </span>
     <span class='ocr_line' id='line_1_37' title="bbox 181 2757 1601 2811; baseline -0.007 -11"><span class='ocrx_word' id='word_1_266' title='bbox 181 2765 400 2811; x_wconf 82' lang='lat' dir='ltr'>conjiciunt,</span> <span class='ocrx_word' id='word_1_267' title='bbox 443 2766 506 2810; x_wconf 90' lang='lat' dir='ltr'>qui</span> <span class='ocrx_word' id='word_1_268' title='bbox 540 2765 669 2800; x_wconf 86' lang='lat' dir='ltr'>malint</span> <span class='ocrx_word' id='word_1_269' title='bbox 695 2761 892 2807; x_wconf 83' lang='lat' dir='ltr'>Choehaei,</span> <span class='ocrx_word' id='word_1_270' title='bbox 932 2762 1107 2808; x_wconf 86' lang='lat' dir='ltr'>quoniam</span> <span class='ocrx_word' id='word_1_271' title='bbox 1138 2758 1303 2794; x_wconf 79' lang='lat' dir='ltr'>Seleucia</span> <span class='ocrx_word' id='word_1_272' title='bbox 1335 2758 1445 2794; x_wconf 87' lang='lat' dir='ltr'>etiam</span> <span class='ocrx_word' id='word_1_273' title='bbox 1479 2757 1601 2792; x_wconf 83' lang='lat' dir='ltr'>Coche</span> 
     </span>
    </p>
   </div>
  </div>
 </body>
</html>
