1971 3246
892 350 1172 391 ,54-

324 464 407 505 tilio
450 478 624 505 uxorem
667 478 787 507 suam
829 464 1021 506 concedit
1052 478 1208 517 eosque
1236 465 1384 507 ambos
1414 465 1562 516 mitt-it,
1604 470 1649 508 ut
1694 480 1757 509 re-

325 538 505 585 gnarent
552 533 594 574 in
648 533 935 587 superioribus
978 533 1262 587 praefecturis.
1335 536 1391 575 At
1431 534 1558 576 statui
1597 538 1750 590 potest,

327 601 562 650 Seleucum,
597 602 673 644 etsi
704 602 782 644 iste
811 602 884 643 filii
910 615 1030 644 amor
1060 615 1145 643 non
1173 601 1275 643 nihil
1306 602 1497 653 valuerit,
1529 608 1574 645 ut
1605 603 1751 646 Seleu-

325 682 398 711 cus
429 682 606 722 regnum
638 683 760 712 suum
793 670 1021 720 divideret,
1067 673 1211 711 tamen
1241 669 1447 724 imprimis
1474 670 1535 712 rei
1564 672 1759 726 publicae

324 751 454 780 causa
504 738 619 779 illam
672 738 924 782 divisionem
971 738 1249 780 constituisse.
1329 738 1531 781 Seleucus
1578 753 1758 794 regnum

323 821 445 849 suum
479 807 602 849 nimis
634 820 839 861 magnum
875 819 992 857 esse,
1038 819 1166 859 quam
1214 807 1329 859 quod
1359 820 1412 849 ex
1439 820 1523 849 uno
1553 808 1645 849 loco
1681 822 1756 862 gu-

327 877 493 919 bernari
508 880 663 931 posset,
697 875 964 917 intellexisse
992 874 1168 917 videtur.
1229 875 1328 929 Ipse
1345 875 1439 929 jam
1461 875 1637 929 grandis
1655 881 1759 919 natu

326 946 420 987 illas
452 945 749 999 praefecturas,
789 957 899 997 quae
929 944 1065 999 primo
1099 944 1367 986 orientalium
1384 944 1663 987 barbarorum
1681 945 1758 986 im-

327 1014 441 1069 petui
480 1014 702 1068 patebant,
745 1013 926 1055 fortasse
971 1026 1114 1055 secum
1158 1013 1371 1068 reputavit
1403 1026 1428 1054 a
1453 1013 1634 1067 juvenili
1667 1015 1758 1064 viro

327 1083 475 1124 melius
506 1082 706 1124 custodiri
736 1096 864 1136 posse
895 1082 962 1123 vel
997 1082 1230 1129 coercerifl)
1290 1082 1395 1123 Illae
1415 1081 1621 1135 nationes,
1651 1094 1761 1135 quae

327 1152 385 1193 cis
402 1152 565 1205 Tigrim
598 1151 719 1194 sedes
738 1151 952 1193 habebant
982 1151 1145 1193 facilius
1176 1164 1292 1193 more
1320 1164 1371 1193 ac
1403 1156 1557 1192 natura
1588 1151 1756 1194 Graeco

330 1221 443 1262 cultu
474 1220 603 1261 imbui
634 1224 761 1272 atque
793 1220 849 1261 ad
880 1220 1139 1262 humanioris
1158 1219 1448 1274 politior-isque
1478 1219 1591 1262 vitae
1619 1220 1757 1262 lucem

331 1289 499 1332 evocari
529 1295 736 1344 poterant,
771 1303 898 1343 quam
930 1289 1158 1343 superioris
1191 1288 1315 1331 Asiae
1345 1294 1507 1344 gentes,
1539 1301 1649 1341 quae
1671 1288 1760 1344 opi-

329 1359 524 1400 nionibus
556 1358 734 1413 politicis
762 1372 812 1400 ac
828 1358 1036 1412 religiosis
1058 1358 1186 1400 cultui
1206 1362 1334 1411 atque
1352 1357 1607 1400 humanitati
1630 1357 1764 1400 Grae--

330 1441 473 1471 corum
494 1427 679 1469 maxime
708 1428 1056 1472 adversabantur.
1117 1427 1214 1477 Qua
1238 1427 1290 1469 de
1314 1440 1359 1469 re
1388 1426 1514 1469 etiam
1547 1430 1645 1481 post
1674 1430 1761 1469 An-

334 1496 519 1539 tiochum
555 1496 748 1538 Soterem
796 1497 862 1538 vel
895 1509 1002 1538 unus
1051 1509 1074 1537 e
1118 1496 1235 1550 regio
1277 1508 1433 1550 genere
1446 1496 1478 1545 4)
1518 1496 1587 1537 vel
1622 1495 1765 1555 regius

330 1565 569 1620 praefectus
585 1566 614 1615 ὓ)
654 1565 872 1607 Seleuciae
916 1565 1061 1607 sedem
1099 1578 1149 1606 ac
1180 1564 1437 1605 domicilium
1470 1563 1629 1607 habuit.
1690 1565 1764 1607 Se—

330 1634 448 1676 leuco
480 1634 680 1675 Nicatore
721 1647 747 1675 a
777 1634 1022 1675 Ptolemaeo
1053 1632 1247 1675 Cerauno
1279 1632 1499 1675 interfecto
1530 1633 1765 1676 Antiochus

331 1716 354 1744 e
386 1702 671 1757 superioribus
702 1701 930 1757 provinciis
951 1701 1221 1743 Antiochiam
1253 1701 1470 1744 descendit
1498 1702 1577 1744 281
1615 1715 1653 1744 a.
1676 1701 1772 1744 Chr.

334 1772 462 1813 Haud
490 1772 576 1813 scio
618 1785 673 1812 an
712 1771 754 1812 in
786 1770 1025 1813 Seleuciam
1051 1769 1189 1824 ipsam
1221 1770 1335 1811 mala
1365 1769 1475 1811 illius
1506 1770 1767 1813 celeberrimi

331 1840 427 1882 belli
440 1842 491 1895 ὕ),
536 1840 650 1892 quod
695 1840 834 1881 occisa
869 1852 1013 1881 sorore
1044 1838 1245 1880 Berenice
1275 1838 1367 1892 ejus
1398 1838 1550 1881 marito
1583 1840 1760 1882 Seleuco

330 1909 583 1964 cognomine
615 1908 817 1950 Callinico
849 1908 987 1950 intulit
1014 1907 1286 1950 Ptolemaeus
1318 1908 1566 1963 Euergetes,
1598 1908 1770 1963 ingrue-

331 1979 428 2021 rint.
491 1978 565 2020 Sin
597 1977 834 2019 Seleuciam
865 1977 996 2019 Asiae
1026 1976 1254 2031 superioris
1280 1977 1427 2018 urbem
1445 1976 1577 2019 fuisse
1596 1977 1771 2032 opulen-

332 2047 539 2090 tissimam
557 2047 884 2097 consideremus,
917 2046 952 2088 si
973 2046 1194 2089 videamus
1229 2045 1354 2087 ctiam
1375 2046 1648 2105 sequentibus
1666 2051 1771 2088 tem-

330 2116 503 2171 poribus
534 2116 811 2170 imperatores
838 2121 878 2157 et
903 2116 1103 2170 Syriacos
1126 2115 1442 2169 etRomanos*)
1461 2114 1555 2157 illas
1575 2115 1772 2169 regiones

423 2229 458 2273 3)
487 2228 632 2273 Flathe,
658 2229 680 2263 l.
705 2228 727 2262 l.
756 2228 949 2274 Droysen,
981 2229 1114 2264 Gesch.
1141 2229 1204 2263 cles
1229 2228 1441 2264 Hellenism.
1469 2229 1517 2273 11,
1542 2229 1596 2264 58.
1623 2228 1689 2263 321
1716 2239 1769 2274 sq.

421 2286 457 2331 4)
482 2285 634 2320 Hieron.
659 2286 706 2320 ad
732 2286 926 2321 Danielem
949 2286 1017 2330 XI,
1042 2288 1167 2321 7-10.

421 2343 457 2384 5)
483 2343 616 2388 Polyb.
642 2343 688 2387 V,
714 2344 769 2387 48,
798 2345 942 2378 11-«13.

422 2400 457 2444 6)
485 2400 649 2434 Monuni.
677 2399 818 2434 Adulit.
844 2400 980 2434 Justin.
1008 2399 1173 2444 XXVII,
1208 2401 1237 2444 1,
1263 2401 1293 2444 6,
1321 2401 1351 2435 9.
1397 2400 1532 2435 Catull.
1558 2411 1707 2435 carmen
1721 2400 1767 2435 de

330 2468 436 2492 coma
459 2457 623 2492 Berenic.
649 2457 864 2503 Hieronym.
890 2458 947 2492 ad.
974 2458 1071 2492 Dan.
1096 2458 1171 2501 XI,
1197 2457 1320 2492 7—10.
1372 2458 1549 2503 Polyaen.
1577 2458 1685 2502 VIII,
1712 2458 1758 2494 50

329 2515 491 2560 Appiam.
503 2515 584 2560 Syr.
604 2516 663 2550 65:
691 2515 1007 2560 ,,καὶΠτολεμαῖος
1029 2518 1060 2552 ἐς
1076 2517 1209 2559 Συρίαν
1226 2516 1361 2557 ἐνέβαλε
1386 2516 1447 2548 καὶ
1466 2518 1498 2553 ἐς
1512 2516 1607 2558 Βαβ
1619 2528 1636 2549 υ
1650 2517 1666 2548 λ
1679 2516 1704 2548 ὦ
1718 2528 1767 2548 να

331 2571 486 2616 ἤλασεν,“

419 2629 455 2673 ᾗ)
482 2628 537 2664 Cf.
562 2629 662 2664 bella
672 2629 851 2665 Demetrii
864 2629 1060 2674 NicatoriS,
1079 2629 1251 2665 Antioch.
1268 2629 1401 2665 Sidetis
1415 2634 1452 2665 et
1468 2630 1517 2665 M.
1529 2630 1607 2665 Lic.
1627 2630 1761 2670 Crassi,

329 2687 394 2732 qui
428 2698 552 2722 omnes
585 2688 750 2722 animum
788 2688 826 2722 in
851 2687 1055 2723 Seleuciam
1088 2688 1375 2735 expugnandam
1401 2688 1648 2724 intenderunt.
1707 2688 1766 2723 De

328 2744 386 2778 his
410 2745 618 2780 accuratius
643 2745 740 2780 infra
764 2749 975 2791 exponetur.
