1955 3262
768 896 898 956 Cir.
942 894 1017 953 lV.

732 1087 807 1130 DE
835 1083 897 1126 IN
902 1079 1080 1126 COLIS.

309 1216 510 1259 Seleucus
546 1207 590 1252 in
629 1218 783 1250 novam
822 1200 968 1243 urbem
1011 1191 1247 1238 Seleuciam
1276 1184 1477 1242 pristinae
1504 1179 1618 1223 urbis

198 1285 429 1342 Babylonis
472 1279 704 1323 incolarum
754 1271 857 1314 alios
903 1262 1122 1310 suadendo
1171 1254 1398 1313 pellexisse
1435 1250 1540 1293 alios
1579 1247 1622 1289 vi

199 1352 510 1411 compulisse1),
541 1346 612 1401 qui
641 1353 863 1386 numerum
885 1335 1038 1379 civium
1057 1329 1274 1383 augerent,
1297 1321 1399 1365 satis
1427 1315 1624 1362 credibile

200 1430 274 1469 est.
335 1421 480 1466 Priore
509 1418 620 1460 enim
653 1418 843 1465 tempore
866 1418 962 1448 cum
986 1400 1046 1443 illi
1066 1395 1228 1452 regioni
1244 1390 1482 1448 praefectus
1504 1388 1628 1429 esset>

201 1502 289 1539 tam
318 1491 450 1548 probe
479 1499 583 1540 erga
615 1472 760 1525 omnes
780 1471 1039 1529 Babylonios
1071 1479 1164 1510 sese
1189 1463 1392 1518 gesserat,
1424 1462 1470 1499 ut
1501 1456 1625 1498 bene-

203 1561 432 1608 volentiam
490 1549 767 1598 multitudinis
821 1543 899 1587 sibi
956 1538 1234 1593 compararet.
1254 1532 1283 1582 2)
1360 1527 1630 1578 Quamquam

209 1629 439 1683 Chaldaei,
482 1619 706 1678 s'luominus
748 1613 943 1668 Babylon
983 1609 1027 1649 in
1064 1601 1332 1648 solitudinem
1360 1595 1635 1648 redigeretur,

208 1700 431 1758 prohibere
473 1691 699 1737 studebant
710 1686 762 1741 ,3)
813 1688 956 1725 tamen
998 1689 1091 1718 cum
1137 1670 1250 1714 urbis
1296 1677 1431 1709 novae
1472 1659 1640 1704 moenia

212 1768 364 1814 faustis
398 1761 597 1818 auspiciis
628 1754 917 1808 exsurgerent,
944 1744 1063 1788 multi
1094 1756 1146 1784 ex
1176 1739 1279 1781 urbe
1306 1732 1525 1788 Babylone
1540 1727 1638 1771 vici-

218 1840 367 1891 nisque
395 1831 519 1888 pagis
552 1831 724 1883 propter
758 1815 1113 1875 opportunitatem
1146 1806 1226 1850 loci
1253 1799 1640 1855 commigraverunt

219 1909 546 1952 nascentemque
589 1891 824 1937 Seleuciam
868 1882 1029 1939 ingenti
1057 1874 1322 1921 multitudine
1352 1868 1641 1923 impleverunt.

219 1977 319 2020 Illos
362 1978 522 2021 autem,
581 1962 652 2016 qui
704 1955 940 2002 Seleuciam
989 1943 1375 1999 commigraverunt
1420 1934 1645 1989 indigenas

222 2036 486 2098 Josephus's)
513 2046 595 2075 uno
627 2026 821 2083 imposito
854 2020 1024 2065 nomine
1054 2018 1186 2070 Syros
1215 2007 1385 2052 vocat*

339 2110 566 2152 Praeterea
607 2098 733 2142 etiam
773 2092 962 2137 Judaeos
1004 2086 1205 2129 Seleucus
1237 2078 1410 2121 Nicator
1440 2073 1482 2114 in
1503 2067 1648 2113 civita-

327 2220 362 2266 l)
388 2217 545 2265 Appian.
572 2213 653 2259 Syr.
682 2210 744 2244 55:
777 2198 987 2251 ,,ἐφεὸ“ρει’·ων
1017 2195 1118 2231 δ’ἇεὶ
1144 2198 1218 2230 τοῖς
1245 2188 1341 2235 ἐγγὺς
1367 2189 1485 2220 ἔθνεσι
1509 2182 1566 2216 καὶ
1591 2181 1655 2214 δυ-

231 2277 332 2316 νατὸς
361 2276 406 2310 ὢν
430 2273 626 2318 βιάσασθαι
656 2269 714 2300 καὶ
738 2261 891 2299 πιθανὸς
917 2255 1210 2305 προσαγαγέσθαι
1237 2248 1327 2281 κτὲ.“

319 2336 356 2381 2)
381 2332 490 2369 Diod.
521 2330 590 2366 Sic.
611 2325 717 2368 XIX,
743 2324 796 2357 91.

326 2393 363 2438 3)
391 2389 549 2436 Appian.
576 2386 654 2430 Syr.
681 2382 736 2417 58.

330 2450 366 2495 4)
393 2445 576 2491 Antiquit.
602 2441 688 2477 Jud.
714 2434 856 2478 XVIII,
882 2434 913 2471 Ξ),
941 2431 971 2464 8.
1005 2448 1037 2452 -—
1066 2425 1233 2460 ffMirum
1261 2422 1334 2462 cst,
1367 2414 1466 2462 quod
1494 2412 1659 2446 Manner-

239 2514 299 2544 tus
323 2506 384 2551 (V,
408 2506 429 2539 2
457 2516 491 2550 p.
518 2502 599 2544 393)
626 2509 711 2533 num
738 2490 938 2538 Babylonii
965 2487 1076 2522 ctiam
1101 2479 1288 2518 Seleuciae
1312 2468 1576 2511 habitaverint,
1599 2465 1663 2499 ‹lu-

240 2566 337 2602 bitat
378 2561 472 2597 Nam
497 2560 603 2594 l'aus.
629 2556 655 2590 Ι.
683 2556 733 2588 1⁶5.
759 2550 864 2585 dicit:
893 2542 1115 2590 „Ed-estunam
1142 2538 1272 2572 οἰκίσας
1298 2531 1388 2571 (scil.
1407 2524 1590 2568 Σέλευκος)
1608 2521 1668 2555 ἐπὶ

246 2625 386 2667 Τίγρητι
419 2615 564 2661 ποταμῷ
597 2613 654 2645 καὶ
687 2607 927 2652 Βαβυλωνίους
967 2598 1070 2636 οὗτος
1102 2593 1314 2638 ἐπαγόμενος
1349 2591 1380 2625 ἐς
1410 2581 1518 2627 αὐτὴν
1552 2579 1669 2614 συνοί-

244 2682 358 2716 κους.“
407 2678 535 2722 Syms,
565 2680 721 2717 quorum
747 2664 969 2700 mentionem
994 2656 1085 2692 facit
1110 2650 1304 2697 Josephus,
1329 2658 1397 2691 pro
1423 2639 1551 2677 incolis
1576 2646 1657 2683 pro-

245 2737 386 2772 vinciae
412 2732 540 2778 Syriae
565 2725 760 2772 sumpsisse
784 2721 926 2755 videtur
953 2715 1178 2750 Manncrtus.
