1971 3246
863 896 994 956 CAP.
1042 899 1139 957 Vll.

292 1083 368 1124 DE
401 1084 600 1126 FORMA
632 1088 798 1129 URBIS
820 1087 1080 1138 EJUSQUE
1104 1086 1355 1129 AR'HBUS
1374 1087 1449 1129 ET
1468 1087 1710 1132 LITERIS.

401 1200 499 1242 Jam
529 1201 564 1243 si
596 1201 859 1254 quaerimus,
894 1215 1004 1254 quae
1044 1201 1166 1243 suerit
1196 1202 1332 1244 forma
1366 1207 1406 1244 et
1437 1202 1574 1256 figura
1605 1200 1717 1243 urbis

294 1270 526 1324 Seleuciae,
559 1283 683 1312 nemo
715 1269 947 1323 dubitabit,
982 1270 1081 1323 quin
1110 1270 1284 1324 perinde
1312 1276 1439 1324 atque
1471 1269 1719 1312 Antiochiae

292 1338 348 1380 ad
390 1340 582 1392 regulam
624 1339 745 1392 quasi
786 1344 826 1381 et
866 1352 1058 1381 normam
1099 1345 1338 1382 exstructae
1367 1340 1520 1382 fuerint
1550 1340 1720 1394 plateae

293 1412 334 1450 et
367 1408 459 1450 fora.
490 1414 531 1450 et
559 1408 760 1450 aedificia.
810 1408 1080 1461 Quamquam
1104 1409 1340 1451 Seleuciam
1366 1409 1546 1452 eandem
1565 1422 1719 1462 aequa-

292 1476 454 1519 litatem
483 1482 523 1518 et
554 1477 911 1531 magnificentiam
943 1477 1096 1531 speciei
1127 1478 1346 1533 habuisse,
1382 1492 1466 1532 qua
1495 1477 1721 1520 Antiochia

299 1546 406 1587 inter
443 1559 588 1588 omnes
628 1547 752 1588 urbes
781 1547 962 1602 primum
995 1546 1211 1589 obtinebat
1247 1547 1400 1601 locum,
1430 1547 1501 1589 vix
1535 1541 1720 1589 credam⁴

297 1614 428 1668 Cujus
458 1615 518 1656 rei
547 1628 678 1657 causa
706 1615 747 1656 in
780 1629 828 1658 eo
859 1616 1000 1671 posita
1028 1629 1121 1659 esse
1151 1616 1254 1658 mihi
1284 1617 1462 1672 videtur,
1492 1616 1606 1671 quod
1634 1620 1724 1659 tota

293 1684 532 1738 Babylonia
562 1685 613 1726 ob
646 1684 781 1726 solum
810 1684 1006 1727 limosum
1039 1685 1155 1726 nulla
1170 1685 1354 1727 habebat
1370 1688 1533 1735 saxal)
1567 1685 1724 1736 Quam-

295 1766 424 1805 quam
463 1753 505 1794 id
544 1766 795 1807 persuasum
838 1754 940 1795 inihi
983 1758 1065 1809 est,
1101 1754 1244 1796 omnia
1271 1755 1532 1797 Graecorum
1565 1757 1727 1811 templa

295 1821 464 1875 aliaque
494 1822 686 1864 aedificia
716 1823 884 1877 publica
912 1823 1028 1865 saxis
1060 1836 1153 1866 esse
1184 1828 1408 1879 exstructa,
1443 1825 1725 1878 quoniamSe-

295 1892 511 1934 leucenses
554 1906 759 1948 marmor,
811 1893 1124 1948 porphyritem,
1164 1893 1351 1948 lapidem
1394 1893 1604 1947 granitem
1644 1895 1726 1936 Eu-

296 1962 449 2017 phrate
493 1967 533 2003 et-
573 1962 692 2015 Tigri
734 1975 756 2004 e
791 1962 1102 2016 Mesopotamia
1131 1962 1347 2017 superiore
1378 1966 1419 2005 et
1450 1976 1502 2004 ex
1534 1963 1726 2018 Assyria,

296 2032 365 2073 vel
398 2044 451 2073 ex
482 2030 641 2073 Arabia
672 2036 712 2073 et
740 2031 887 2073 Persia
915 2044 991 2086 per
1022 2032 1162 2074 sinum
1184 2031 1401 2074 Persicum
1433 2032 1584 2074 afferre
1609 2036 1727 2088 pote-

297 2106 407 2145 rant.
465 2101 624 2142 Notum
658 2105 734 2154 est,
770 2101 988 2143 Romanos
1021 2114 1188 2154 quoque
1221 2101 1391 2156 saepius
1423 2093 1603 2143 eandem
1635 2114 1724 2142 ma-

304 2168 452 2212 teriam
499 2183 551 2211 ex
597 2169 723 2224 Asia,
766 2169 930 2224 Africa,
973 2169 1153 2212 Graecia
1192 2169 1477 2213 arcessivisse.
1537 2169 1730 2212 Maxima

302 2243 443 2280 autem
475 2239 759 2281 aedificiorum
792 2251 892 2294 pars
913 2241 1001 2284 sine
1020 2239 1146 2281 dubio
1172 2239 1374 2281 lateribus
1394 2243 1484 2280 erat
1502 2242 1728 2293 exstructa,

301 2306 372 2361 qui
401 2308 469 2349 vel
501 2307 590 2349 sole
620 2308 718 2351 tosti
746 2308 814 2350 vel
843 2309 885 2350 in
914 2308 1085 2350 fornace
1117 2307 1224 2350 coeti
1254 2307 1486 2349 maximam
1515 2306 1730 2349 habebant

300 2375 539 2420 firmitatem
584 2383 625 2421 et
667 2378 711 2420 in
758 2378 958 2421 aedificiis
998 2376 1209 2420 struendis
1251 2376 1359 2418 inter
1399 2388 1444 2418 se
1482 2374 1626 2417 limine
1662 2374 1731 2417 vel

302 2447 505 2490 bitumine
529 2449 937 2503 conglutinabantur.
998 2447 1088 2489 Hoe
1119 2446 1246 2489 modo
1264 2443 1546 2487 aedificabant
1566 2447 1730 2486 veteres

378 2565 410 2610 i)
437 2564 917 2608 Meincrs,Betraehtungen
929 2559 1369 2595 iib.d.Fruehtbarkeitu
1390 2557 1733 2594 Unfruehtbarkeit

305 2622 366 2657 iib.
379 2623 411 2657 d.
422 2623 614 2658 vormal.u.
630 2633 793 2668 gegenw.
809 2619 974 2655 Zustand
982 2619 1015 2654 d.
1031 2618 1291 2653 vornehmsten
1299 2617 1493 2651 Landerin
1506 2615 1631 2659 Asien,
1645 2619 1733 2650 tom.

304 2679 333 2714 Ι.
357 2691 392 2725 p.
420 2680 484 2715 135
510 2691 562 2726 sq.
605 2679 783 2723 Niebuhr,
807 2677 1058 2713 Reisebesehr.
1085 2676 1135 2720 II,
1160 2688 1195 2720 p.
1223 2675 1300 2717 288.
1350 2674 1507 2718 Heeren,
1533 2673 1647 2708 Ideen
1665 2675 1732 2707 etc.

306 2737 337 2783 Ι,
365 2737 387 2772 2
412 2750 447 2784 p.
474 2737 551 2773 187.
577 2749 656 2785 sqq.
704 2736 850 2783 Liibke,
873 2735 1006 2772 Abriss
1031 2735 1094 2770 der
1119 2733 1250 2769 Geseh.
1279 2732 1343 2767 der
1368 2730 1534 2766 Baustile
1556 2741 1590 2777 p.
1619 2729 1672 2764 15.
