1955 3262
762 325 1045 368 -43-

295 437 480 481 Celebris
517 444 580 480 est
611 444 829 493 praeterea
871 439 942 480 illa
972 440 1040 482 via
1071 440 1276 496 regia⁵²)‚
1311 454 1438 495 quam
1473 454 1604 495 quon-

180 507 281 550 dam
313 507 539 549 Persarum
571 519 695 560 reges
726 520 751 548 a
784 506 903 549 Susis
935 508 1002 549 vel
1023 509 1241 563 Babylone
1267 522 1399 563 usque
1431 509 1485 552 ad
1505 510 1602 552 Sar-

179 575 256 619 des
291 575 451 618 exstrui
481 575 711 629 jusserant.
777 575 1044 629 Quamquam
1086 577 1311 632 scriptores
1343 578 1397 620 de
1426 579 1517 621 sola
1555 593 1606 622 ea

180 644 254 687 via
284 643 502 699 Babylone
532 644 690 686 ferente
723 644 831 686 Susa
865 651 1209 700 commemorant,
1243 646 1465 689 Seleucum
1481 647 1604 690 Nica-

181 717 318 755 torem
348 712 473 755 etiam
507 712 743 754 Seleuciam
775 713 843 755 via.
874 713 1015 767 aliqua
1045 727 1138 755 cum
1173 714 1291 757 Susis
1321 715 1604 771 conjunxisse,

181 795 210 824 a
240 780 321 824 fide
350 794 435 823 non
454 780 680 823 abhorrere
706 781 879 823 videtur.
938 783 1047 823 Nam
1074 782 1223 824 mirum
1243 783 1432 837 profecto
1448 784 1606 839 fuisset,

182 849 219 894 si
249 849 438 892 maxima
468 849 697 904 superioris
733 849 860 891 Asiae
891 850 1001 900 urbs,
1035 863 1144 903 quae
1171 851 1431 906 Babylonem
1466 852 1507 895 in
1539 867 1605 895 so-

183 919 402 961 litudinem
444 918 667 973 redegerat
698 918 872 972 ejusque
905 919 1046 961 omnia
1077 920 1327 962 commercia
1359 921 1604 976 arripuerat,

181 1002 266 1031 non
303 987 452 1030 fuisset
491 988 719 1042 conjuncta
749 1000 843 1029 cum
880 988 1021 1033 Susis,
1054 988 1165 1030 unde
1192 989 1310 1043 regia
1340 989 1409 1031 via
1441 990 1601 1032 initium

183 1061 363 1112 caperet.
423 1055 639 1107 Quantum
681 1070 705 1097 a
745 1056 863 1099 Susis
894 1057 1002 1099 absit
1034 1057 1228 1099 Seleucia
1258 1062 1403 1100 auctor
1429 1064 1494 1101 est
1524 1059 1604 1101 Pli-

183 1125 294 1170 nius.
311 1125 363 1175 ⁵³)
424 1125 515 1166 Hac
547 1125 614 1167 via
647 1130 902 1168 mercatores
934 1140 958 1166 a
979 1126 1214 1180 Babylonia
1246 1126 1287 1167 in
1306 1126 1452 1168 Asiam
1473 1127 1604 1169 mino-

185 1207 273 1236 rem
310 1207 385 1249 per
414 1194 608 1249 regiones
646 1194 752 1236 bene
783 1195 916 1237 cultas
948 1200 1143 1248 tutasque
1175 1209 1199 1236 a
1232 1196 1440 1238 latronum
1472 1196 1606 1238 incur-

184 1261 371 1306 sionibus
405 1275 564 1305 merces
591 1275 689 1305 suas
719 1269 944 1317 apportare
974 1268 1181 1317 poterant.

299 1331 512 1387 Superest,
541 1335 586 1372 ut
617 1331 750 1373 obiter
781 1331 979 1385 adjiciam
1010 1331 1054 1373 id
1081 1331 1195 1385 quod
1227 1345 1357 1386 supra
1381 1331 1603 1373 omiseram

186 1400 440 1444 Seleucenos
481 1404 642 1441 tantum
684 1399 914 1454 paullisper
943 1399 1195 1442 commercia
1224 1399 1330 1442 inter
1360 1399 1488 1441 Asiae
1515 1412 1606 1454 sep-

187 1468 439 1512 tentrionem
457 1482 505 1510 ac
524 1467 741 1510 meridiem
763 1468 874 1510 facta
892 1468 1004 1510 solos
1021 1468 1262 1523 obtinuisse,
1295 1481 1391 1510 cum
1407 1467 1450 1509 in
1473 1480 1604 1510 remo-

184 1538 351 1581 tissima
381 1536 617 1580 Seleucidei
647 1536 809 1592 imperii
839 1541 960 1591 parte
991 1551 1016 1579 a
1057 1537 1278 1580 Theodoto
1320 1536 1505 1590 quodam
1545 1549 1605 1578 re-

185 1620 316 1663 gnum
346 1603 644 1650 Bactrianum*
660 1605 997 1661 constitueretur,
1045 1606 1159 1659 quod
1189 1605 1313 1648 India
1356 1605 1604 1648 commercia

186 1675 402 1720 terrestria
431 1675 559 1730 plane
588 1674 821 1730 occupavit.
839 1674 890 1720 ⁵⁴)

279 1788 339 1832 52)
369 1788 509 1823 Herod.
533 1787 579 1823 V.
603 1786 657 1821 52.

279 1845 334 1891 532
369 1845 463 1880 Plin.
490 1845 587 1880 Hist.
611 1844 696 1880 Nat.
724 1845 787 1889 VI,
813 1845 868 1888 27,
898 1844 975 1879 133.

277 1902 337 1948 54)
366 1902 512 1949 Prolog.
546 1902 659 1949 Trog.
693 1901 821 1947 Pomp.
847 1901 948 1936 XLI.
976 1901 1121 1945 Strabo,
1146 1901 1221 1945 XI,
1245 1901 1322 1936 515.
1347 1900 1506 1944 Lassen,
1533 1901 1606 1936 Zur

185 1958 318 1994 Gesch.
348 1959 382 1993 d.
409 1959 555 1995 Griech.
587 1971 620 1994 u.
649 1959 985 2004 Indoskythiseheu
1022 1958 1167 2004 Konige
1192 1958 1229 1992 in
1257 1958 1455 2001 Baktrien,
1480 1957 1606 1993 Kabul

186 2015 263 2050 und
287 2015 417 2050 Indien
443 2028 477 2062 p.
502 2017 579 2050 2⁶20.
634 2016 768 2061 Bayer,
794 2016 865 2050 bist
905 2016 1007 2062 regni
1034 2015 1204 2050 Graecor.
1226 2014 1415 2049 Bactriani
1440 2027 1474 2060 p.
1495 2015 1538 2049 45
1558 2027 1611 2060 sq.

185 2072 389 2108 Hiillmann
411 2085 447 2119 p.
471 2074 540 2108 243
564 2086 618 2119 sq.
667 2072 829 2116 Presser,
853 2072 975 2108 L'eber
999 2072 1058 2107 die
1079 2072 1299 2117 Bedeutung
1324 2072 1386 2106 des
1404 2071 1611 2106 schwarzen

186 2129 329 2165 Meeres
360 2130 420 2165 ffir
458 2131 528 2166 den
569 2130 714 2165 Handel
755 2130 830 2165 und
874 2129 1038 2164 Verkehr
1081 2130 1145 2164 der
1174 2129 1272 2164 alten
1304 2128 1422 2173 Welt,
1463 2128 1610 2174 Dorpat

189 2187 278 2222 1842
302 2199 337 2232 p.
361 2187 417 2223 30.
