1955 3262
753 323 1037 371 „25-

189 448 322 492 donas
357 449 577 491 Seleuciae
610 449 825 491 habitasse
844 451 894 495 ¹¹)
927 450 1030 492 satis
1056 455 1231 492 constat.
1298 449 1386 494 Nec
1418 449 1606 506 deerant,

188 517 259 571 qui
289 523 562 572 mercaturae,
593 518 818 567 literarum,
850 519 1039 571 militiae,
1080 520 1221 574 regiae
1250 520 1374 562 aulae
1406 519 1543 574 gratia
1570 520 1611 563 in

189 586 291 628 urbe
322 599 436 628 noxa
466 586 588 628 sedes
620 587 885 641 collocarent,
923 587 1119 639 Armenii,
1153 588 1261 644 Syri,
1297 589 1472 640 Arabes,
1506 588 1614 644 Indi,

197 654 426 704 Bactriani,
464 655 645 697 Roma-ni
687 663 726 697 et
763 657 880 697 multi
907 656 988 697 alii.
1008 659 1057 706 1²)
1119 656 1185 698 Ad
1224 657 1300 699 hos
1337 670 1484 700 omnes
1525 671 1611 698 ma-

193 736 323 777 guam
355 735 572 765 servorum
603 737 653 766 ac
684 724 1000 778 peregrinorum
1030 725 1208 776 turbam,
1241 725 1311 778 qui
1342 723 1510 768 civitate
1541 725 1614 768 Se-

192 791 368 834 leucena
391 806 474 834 non
496 792 744 846 fruerentur,
779 792 1008 835 accessisse
1025 793 1146 835 facile
1164 793 1418 847 intelligitur.
1466 795 1612 836 Poste-

190 859 297 902 riore
340 865 529 916 tempore
577 860 701 902 etiam
753 873 847 903 eum
896 861 1084 915 Parthis,
1137 861 1207 915 qui
1244 866 1334 904 tota
1376 861 1614 917 Babylonia

188 933 396 984 occupata
426 928 481 970 ibi
513 928 698 970 hiemare
730 929 922 971 solebant
941 929 1010 984 13),
1042 930 1239 982 frequens
1268 936 1357 972 erat
1387 931 1611 973 Seleucen-

188 996 305 1040 sibus
331 997 640 1042 commercium.
686 999 828 1052 Reges
846 1003 987 1040 autem
1015 999 1281 1052 Parthorum,
1306 1004 1350 1041 ut
1370 997 1428 1042 ait
1445 999 1611 1052 Strabo,

191 1066 383 1111 volentes
423 1066 640 1109 Seleuciae
672 1080 864 1122 parcere,
906 1081 957 1110 ne
989 1067 1217 1122 Scythicae
1248 1073 1288 1110 et
1317 1067 1509 1110 militaris
1541 1079 1613 1108 na·

190 1134 315 1178 tionis
353 1134 535 1190 hospitio
579 1135 749 1178 assiduo
786 1137 1112 1191 opprimeretur,
1160 1140 1300 1178 castra
1345 1135 1618 1191 Ctesiphonte

190 1204 514 1247 collocaverunt.
575 1205 738 1260 Itaque}
768 1218 861 1247 cum
891 1204 1075 1257 undique
1100 1204 1333 1259 peregrini,
1360 1208 1617 1247 mercatores

195 1273 434 1317 Seleuciam
464 1286 510 1316 se
529 1274 776 1328 conferrent,
812 1274 925 1326 quod
952 1274 1068 1315 brevi
1098 1278 1288 1329 tempore
1311 1273 1409 1315 urbs
1430 1272 1486 1314 ad
1506 1285 1617 1315 sum-

195 1355 308 1384 mam
341 1342 552 1385 fortunam
581 1346 725 1383 evecta
757 1346 842 1396 est,
884 1341 984 1395 quid
1014 1341 1199 1383 mirum?
1257 1341 1326 1384 Ita
1353 1341 1510 1383 factum
1544 1345 1616 1394 est,

194 1416 239 1453 ut
276 1410 509 1454 incolarum
553 1422 751 1452 numerus
779 1410 822 1451 in
855 1409 945 1452 dies
977 1415 1191 1452 cresceret.
1252 1409 1376 1452 Plinii
1394 1408 1446 1464 14)
1476 1414 1615 1451 aetat-e

191 1479 324 1534 plebis
353 1479 540 1521 urbanae
571 1477 703 1520 DCM.
736 1478 867 1520 fuisse
893 1478 1097 1521 dicuntur.
1160 1477 1297 1520 Etiam
1325 1491 1374 1520 eo
1410 1481 1618 1533 tempore,

191 1560 274 1600 quo
317 1560 344 1589 a
378 1546 583 1589 Romanis
623 1550 844 1601 caperetur
883 1552 1011 1600 atque
1063 1551 1343 1601 everteretur,
1390 1545 1620 1588 incolarum

194 1615 414 1659 Seleuciae
453 1616 543 1657 er'at
582 1615 733 1669 ingens
773 1628 982 1658 numerus.
1052 1616 1187 1658 Rufus
1207 1616 1261 1667 15)
1305 1620 1348 1657 et
1377 1613 1551 1657 Orosius
1570 1614 1618 1664 16)

195 1684 241 1727 L.
273 1684 371 1727 Veri
396 1684 525 1727 duecs
557 1684 794 1727 Seleuciam
827 1698 921 1727 cum
955 1683 1275 1738 quadringentis
1306 1682 1471 1725 milibus
1489 1681 1619 1723 homi-

195 1766 296 1795 num
333 1752 496 1808 cepisse
541 1758 724 1795 narrant.
787 1753 1057 1805 EusebiusU)
1097 1757 1239 1794 autern
1281 1752 1427 1793 urbem
1469 1749 1615 1793 eodem

195 1826 385 1877 tempore
398 1821 562 1865 CCCM.
593 1821 824 1866 incolarum
856 1823 1054 1865 habuisse
1084 1822 1222 1864 refert.
1275 1820 1398 1864 Unde
1413 1830 1621 1875 apparere

195 1890 298 1932 mihi
325 1890 512 1941 videtur,
550 1891 800 1946 Eutropium
818 1892 870 1946 ¹3)
902 1891 1027 1933 valde
1056 1903 1220 1932 errasse
1252 1888 1488 1932 Seleuciam
1522 1899 1617 1929 cum

198 1958 493 2013 quadra-ginta⁴
515 1958 681 2002 milibus
714 1974 739 2001 a
767 1960 972 2002 Romanis
1003 1964 1171 2015 captam
1205 1971 1297 2001 esse
1325 1958 1617 2000 affirmantem.

309 2028 434 2070 Nova
466 2027 563 2070 urbs
592 2042 686 2071 cum
715 2042 740 2070 a
771 2029 948 2072 Seleuco
979 2028 1155 2082 ejusque
1187 2025 1497 2069 successoribus
1527 2037 1617 2066 omr

194 2094 315 2138 nibus
361 2096 595 2139 commodis
635 2110 684 2139 ac
726 2097 937 2140 benefieiiS
978 2097 1281 2146 cumularetur,
1325 2095 1432 2137 inter
1473 2104 1619 2135 omnes

285 2209 340 2250 ll)
364 2209 441 2245 Jos.
469 2210 556 2245 Ant.
581 2209 616 2246 J.
640 2209 785 2253 XVIII,
810 2211 841 2254 9,
870 2212 909 2245 8:
936 2209 1095 2253 „oc’uofim
1118 2208 1153 2241 δὲ
1175 2206 1280 2251 αὐτὴν
1297 2207 1389 2253 (scil.
1407 2204 1621 2251 Σελεύκειαν)

194 2266 320 2299 πολλοὶ
347 2265 573 2310 Μακεδόνων,
603 2267 756 2299 πλεῖστοι
777 2264 950 2309 “Ἐλληνες,
977 2268 1045 2299 ἔστι
1070 2266 1104 2298 ὁὲ
1129 2266 1188 2298 καὶ
1208 2264 1330 2310 Σύρων
1353 2261 1416 2297 οὐκ
1441 2260 1558 2307 ὀλίγον
1579 2260 1620 2296 τὸ

193 2319 539 2366 ἐμπολιτευόμειόν.“

289 2380 344 2423 12)·
370 2378 542 2415 Philostr.
571 2380 632 2414 vit.
659 2380 833 2425 Apellen.
860 2379 978 2424 Tyan.
1003 2379 1032 2423 I,
1060 2379 1114 2413 20.

286 2435 343 2479 13)
370 2435 504 2472 Strabo
531 2436 635 2479 XVI,
661 2436 737 2472 743.
786 2436 937 2482 Joseph.
963 2437 1050 2471 Ant.
1075 2435 1162 2470 Jud.
1187 2435 1332 2478 XVIII,
1357 2436 1389 2479 9,
1413 2437 1445 2471 8.

290 2492 348 2537 14)
373 2492 469 2527 Hist.
495 2493 626 2528 Natur.
656 2492 721 2537 VI,
751 2494 806 2537 26,
835 2494 908 2528 122.
936 2493 980 2528 cf.
1007 2492 1188 2536 Mannert,
1213 2492 1259 2537 V,
1284 2494 1313 2528 2.
1338 2504 1372 2538 p.
1399 2492 1476 2528 406.

285 2549 343 2594 15)
368 2548 464 2585 Sext.
489 2549 576 2585 Ruf.
603 2549 765 2585 Breviar.
791 2550 844 2585 21.

285 2606 342 2649 16)
367 2605 474 2641 Paul.
503 2606 605 2641 Oros.
629 2606 733 2651 VIII,
761 2608 810 2642 16.

284 2661 341 2708 17)
369 2661 537 2698 Chronic.
562 2663 631 2698 vol.
658 2663 708 2708 11,
735 2675 769 2710 p.
797 2663 861 2701 171
887 2663 941 2701 ed.
967 2663 1141 2700 Schoene.

285 2720 343 2764 18)
367 2719 520 2768 Eutrop.
547 2719 652 2767 VIII,
678 2721 732 2756 10.
