1971 3246
866 326 1149 369 „42-

303 441 514 486 Armeniis
530 440 610 497 4⁶),
649 441 721 495 qni
751 439 958 483 naviculis
989 440 1095 482 miro
1127 440 1253 482 modo
1285 444 1599 497 constructis47)
1631 458 1726 488 san-

303 512 476 567 dycem,
509 523 679 565 aurum,
712 509 869 561 salem,
902 509 1187 564 amethystos,
1218 510 1354 564 coria,
1384 511 1549 567 vinum,
1585 526 1727 570 equos,

305 580 475 623 omnino
504 591 650 622 omnes
685 583 725 619 et
753 583 843 620 arte
874 582 914 619 et
944 583 1098 619 natura
1116 578 1252 620 factas
1267 592 1428 622 merces
1445 594 1518 635 per
1536 583 1727 637 Euphra-

304 655 388 692 tem
420 647 782 703 a.pportabant.4³)
844 646 925 689 Ubi
965 645 1249 702 advenerunt,
1293 647 1455 691 lembos
1484 663 1604 705 suos,
1634 665 1728 693 cum

308 719 487 760 adverso
515 716 685 758 flumine
717 715 922 769 navigare
953 729 1037 757 non
1069 720 1252 771 possent,
1286 717 1526 760 vendebant
1555 724 1596 762 et
1623 734 1730 763 mer-

305 801 373 830 oes
420 791 683 841 permutatas
731 785 1025 839 reportabant,
1069 783 1231 827 duobus
1269 785 1472 840 imprimis
1514 787 1731 833 itineribus

305 855 570 899 terrestribus
600 859 745 909 portus
761 853 885 896 Ponti
915 853 1068 895 Euxini
1090 858 1292 908 petentes.
1342 854 1529 905 Quorum
1551 858 1730 901 alterum

305 925 485 967 ducebat
506 925 697 966 Comana
717 923 891 965 Pontica
908 924 960 975 49)
993 923 1225 977 emporium
1251 924 1378 978 longe
1403 926 1730 984 celeberrimum,

306 1006 389 1047 quo
421 1006 581 1035 merces
614 992 748 1034 omnis
782 992 909 1034 Asiae
938 998 1066 1045 atque
1097 992 1245 1034 Indiae
1270 993 1482 1048 Euphrate
1501 998 1541 1037 et
1559 996 1733 1050 Tigride

306 1063 511 1105 advectae
541 1066 647 1103 teste
680 1061 888 1102 Strabone
915 1060 1198 1113 confluebant3
1232 1061 1344 1102 unde
1375 1075 1534 1105 merces
1553 1064 1664 1106 Iride
1681 1058 1734 1117 50’)

308 1132 434 1174 fluvio
465 1131 506 1172 in
525 1129 724 1173 Ponticos
756 1134 901 1184 portus
930 1129 1249 1171 advehebantur
1319 1130 1465 1174 Altera
1496 1133 1567 1174 via
1597 1135 1735 1189 magis

309 1201 511 1244 orientem
539 1212 686 1242 versus
716 1212 792 1253 per
824 1198 1067 1240 Armeniam
1101 1198 1276 1243 ferebat.
1338 1200 1566 1254 Hucusque
1597 1203 1731 1258 Aorsi,

306 1270 488 1326 populus
531 1269 639 1310 inter
679 1270 861 1310 Pontum
903 1274 943 1309 et
980 1282 1098 1310 mare
1131 1268 1332 1323 Caspium
1367 1269 1590 1323 habitans,
1630 1285 1736 1325 quos

308 1343 473 1395 partem
505 1338 583 1380 sibi
614 1337 852 1380 vindicasse
880 1336 1028 1378 Indiae
1060 1343 1322 1380 mercaturae
1350 1352 1485 1392 eaque
1506 1339 1734 1383 ditissimos

308 1410 443 1451 factos
475 1420 579 1461 esse,
612 1412 757 1448 auct01
787 1412 849 1448 est
866 1406 1050 1448 Strabo5
1058 1407 1100 1458 ¹),
1132 1406 1299 1448 obviam
1331 1408 1556 1451 veniebant
1587 1409 1733 1452 merci-

310 1480 387 1521 bus
420 1476 575 1519 Indicis
607 1483 647 1518 et
675 1475 944 1530 Babylonicis
976 1475 1029 1517 ab
1058 1475 1269 1517 Armeniis
1300 1480 1341 1517 et
1381 1477 1518 1520 Medis
1551 1477 1740 1521 advectis

312 1560 468 1601 easque
499 1545 597 1589 inde
628 1544 684 1587 ad
712 1557 808 1586 oias
838 1545 964 1586 Ponti
995 1544 1150 1586 Euxini
1182 1544 1458 1591 deducebant

402 1661 460 1696 465
488 1632 661 1695 Philostr.
687 1658 749 1692 vit
777 1657 902 1704 Apoll
928 1657 1046 1702 Tyan.
1074 1657 1100 1691 Ι
1131 1657 1185 1693 20.
1212 1670 1246 1704 p.
1273 1658 1314 1692 11
1340 1658 1496 1704 Kayser.

402 1719 460 1756 47)
486 1717 622 1752 Herod.
662 1716 696 1755 Ι,
724 1716 789 1750 194
814 1714 1087 1750 accuratissime
1115 1716 1375 1750 Armeniorum
1399 1716 1675 1762 navigationem
1702 1716 1740 1751 in

311 1777 503 1822 Euphrate
519 1774 715 1810 exercitam
735 1772 918 1808 describit.
939 1785 969 1806 v.
992 1772 1147 1816 Heeren,
1166 1773 1287 1816 Ideen,
1312 1773 1341 1816 Ι,
1358 1775 1387 1808 2.
1411 1785 1446 1818 p.
1467 1774 1534 1807 225
1560 1785 1612 1819 sq.
1638 1772 1742 1807 Hoff-

311 1846 422 1868 mann
457 1845 491 1878 p.
528 1833 596 1867 223
622 1845 672 1878 sq.
727 1831 935 1876 Beaujour,
965 1840 1108 1876 voyage
1133 1830 1237 1865 milit.
1264 1831 1355 1865 dans
1378 1830 1541 1877 l’empire
1568 1831 1744 1866 Ottoman

313 1904 348 1938 p.
377 1891 431 1926 78.
479 1890 682 1925 Hiilhnann
708 1901 742 1935 p.
771 1889 849 1922 ⁶242.

399 1950 457 1993 4ng
481 1948 651 1993 Sandyx:
697 1946 832 1981 Strabo
865 1946 933 1989 XI,
975 1945 1052 1979 529.
1106 1945 1189 1979 Plin
1235 1945 1405 1989 XXXV,
1433 1946 1484 1989 12,
1509 1945 1564 1979 28.
1590 1957 1745 1981 aurum:

319 2007 452 2043 Strabo
478 2006 545 2047 XI,
573 2005 650 2040 529.
682 2004 750 2039 sal:
789 2003 921 2039 Strabo
952 2003 1019 2046 XI,
1048 2003 1125 2036 529.
1152 2003 1372 2048 amethysti:
1420 2002 1516 2037 Plin.
1544 2002 1746 2047 XXXVII,

316 2068 371 2100 40.
398 2065 515 2100 coria:
543 2063 678 2098 Herod.
705 2063 750 2105 V,
774 2063 828 2096 49.
878 2061 985 2106 equi:
1024 2060 1158 2096 Strabo
1189 2060 1257 2100 XI,
1282 2060 1358 2094 525.
1385 2060 1462 2101 528.
1485 2060 1562 2094 529.
1617 2059 1746 2105 Impri-

315 2124 383 2159 mis
416 2123 582 2157 Armenii
617 2119 838 2165 Babyloniis
870 2119 1017 2162 vinum,
1060 2128 1132 2164 quo
1166 2117 1312 2164 penitus
1337 2117 1513 2152 carebant
1537 2117 1688 2161 (Herod
1715 2117 1746 2159 Ι,

318 2182 410 2225 193),
435 2179 694 2226 apportabant.
722 2177 926 2212 Hoffmann
948 2189 980 2222 p
1008 2177 1074 2209 224
1100 2176 1145 2210 de
1172 2176 1242 2209 hac
1268 2175 1344 2209 vini
1366 2178 1574 2210 mercatura
1594 2174 1748 2220 diligen-

315 2238 455 2275 tissime
480 2238 566 2283 egit.

411 2296 468 2339 49)
497 2294 629 2330 Stlabo
654 2293 742 2336 XII,
767 2293 852 2328 559:
879 2290 942 2336 ,ρὰ
968 2292 1029 2335 μὲν
1057 2303 1118 2322 om
1134 2288 1288 2334 Κόμαια
1313 2287 1469 2334 εὖάιδρεῖ
1491 2289 1549 2321 καὶ
1574 2290 1663 2322 ἔστιν
1687 2290 1750 2333 ἒμ-

317 2354 444 2400 πόριον
472 2357 543 2390 τοῖς
577 2348 647 2384 ἀπὸ
683 2350 743 2392 τῆς
763 2346 953 2394 'Appen-luc
992 2346 1214 2389 ἆξιόλσγον.“
1264 2348 1307 2381 In
1332 2347 1404 2381 hoc
1429 2346 1565 2392 oppido
1589 2346 1749 2382 celebra-

318 2417 394 2448 tum
420 2411 492 2446 fuit
516 2409 694 2456 templum
706 2407 892 2442 Anaitidis
920 2407 1020 2443 deae,
1044 2406 1110 2440 ubi
1134 2405 1300 2448 fortasse,
1326 2408 1368 2439 ut
1394 2409 1615 2440 mercatores
1633 2405 1751 2451 magis

321 2471 576 2511 allicerentur,
616 2477 751 2513 magna
787 2464 1020 2500 meretricum
1053 2463 1164 2498 turba
1196 2473 1261 2508 pro
1296 2462 1497 2497 hierodulis
1530 2461 1751 2497 habebatur.

320 2531 439 2572 Quam
461 2526 508 2561 ob
535 2536 611 2560 rem
635 2525 726 2559 haec
750 2523 839 2558 urbs
863 2532 884 2556 a
909 2521 1090 2556 Strabone
1114 2525 1266 2555 vocatur
1292 2517 1411 2564 Μικρὰ
1438 2519 1637 2564 Κόρινθος.

344 2624 345 2627 ¹
413 2585 470 2620 50)
495 2582 666 2628 Xenoph.
692 2580 814 2615 Anab.
840 2579 886 2623 V,
911 2580 942 2623 6,
967 2579 998 2613 9.
1024 2578 1159 2614 Strabo
1184 2577 1271 2620 XII,
1296 2578 1372 2612 547.

411 2642 469 2684 51>
497 2640 631 2677 Strabo
650 2639 718 2684 XI,
744 2639 820 2673 505.
851 2636 1053 2672 Hiillmann
1074 2648 1106 2683 p.
1124 2636 1203 2670 243.
1237 2634 1394 2679 Heeren,
1413 2634 1551 2670 Comm.
1571 2644 1642 2669 soc.
1662 2632 1753 2669 Got-

320 2700 411 2747 ting.
439 2698 507 2744 XI,
535 2700 593 2736 80.
1212 2716 1217 2720 .
