1955 3262
0 3112 25 3175 ωτι
0 3080 13 3099 ⁴
0 3011 2 3018 ·

747 262 1031 306 -49-

283 375 383 421 Jam
415 375 452 420 si
482 375 538 420 ad
569 379 680 419 artes
713 381 754 420 et
783 376 1040 433 disciplinas,
1069 389 1180 432 quae
1200 377 1421 425 Seleuciae
1450 380 1600 426 florue-

170 445 273 497 rint,
304 450 568 501 spectamuS,
615 445 657 487 in
696 445 776 488 hac
815 447 940 500 urbe,
969 446 1039 488 ubi
1070 446 1353 493 dissensiones
1392 450 1535 494 civiles
1566 451 1607 494 et

169 514 371 558 intestina
398 514 507 556 inter
533 514 734 569 Judaeos,
770 515 902 569 Syros
923 515 1196 570 Graecosque
1225 518 1337 560 bella
1364 520 1480 563 fuere
1511 533 1603 575 per-

170 587 312 639 petua,
342 588 476 625 artem
507 582 735 625 oratoriam
766 583 922 625 cultam
945 596 1038 626 esse
1065 585 1188 628 facile
1207 586 1465 642 intelligitur.
1509 589 1603 631 Plu—

170 651 342 694 tarchus
360 651 412 703 ¹³)
444 651 703 694 mentionem
731 652 831 694 facit
860 652 1145 708 Amphicratis
1173 655 1350 699 oratoris
1380 656 1601 711 cujusdam

169 719 335 772 Graeci,
365 719 436 774 qui
463 732 491 761 a
515 719 770 775 Mithridate,
805 721 930 763 Ponti
961 734 1073 776 rege,
1104 723 1307 777 expulsus
1328 737 1355 766 a
1376 725 1597 768 Seleucen-

170 788 287 832 sibus
314 788 517 832 invitatus
547 792 622 840 est,
651 793 696 831 ut
723 788 888 832 dicendi
918 796 1148 845 pracepta
1177 791 1377 836 traderet.

283 857 334 900 In
375 858 550 912 regione
580 862 745 913 autem,
795 871 904 912 quae
942 859 1158 912 quendam
1191 860 1504 904 Chaldaeorum
1535 875 1599 905 sa-

169 925 330 982 pientia
359 926 629 981 excelluerat,
661 931 814 982 postea
844 940 925 980 quo
936 941 1011 982 1u3
1043 927 1157 982 quod
1187 929 1459 985 philosophia
1491 930 1602 974 culta

170 994 238 1049 sit,
270 994 365 1048 quis
395 995 602 1039 miretur?
660 996 834 1039 Veteres
874 996 1100 1052 scriptores
1131 1004 1465 1041 commemorant
1496 999 1603 1042 duos

173 1061 451 1119 philosophos
483 1064 770 1119 Seleucenses,
803 1065 952 1107 eodem
984 1065 1154 1108 nomine
1177 1065 1468 1122 Diogenesu),
1501 1080 1602 1121 quo-

170 1144 264 1174 rum
304 1132 411 1175 alter
441 1145 468 1174 a
498 1133 725 1176 stoicorum
753 1133 914 1176 familia
944 1139 1056 1188 erat,
1090 1134 1197 1177 alter
1227 1135 1457 1190 Epicureos
1487 1148 1604 1179 secu-

173 1204 242 1243 tus
271 1205 346 1243 est.
379 1201 593 1256 Diogenes
622 1202 790 1252 stoicus,
820 1215 945 1255 quem
976 1207 1139 1245 veteres
1170 1203 1506 1258 „Babyloniuw
1533 1217 1604 1247 vo-

172 1281 270 1311 care
299 1269 449 1322 solent,
479 1283 587 1312 unus
617 1276 707 1313 erat
725 1283 778 1312 ex
802 1271 893 1313 istis
919 1262 1050 1313 tribus
1070 1271 1312 1314 clarissimis
1332 1272 1605 1338 philosophis,

171 1350 277 1392 quos
307 1338 491 1380 Romam
535 1338 591 1380 ad
634 1345 828 1381 senatum
870 1339 922 1381 ab
962 1339 1291 1382 Atheniensibus
1331 1340 1483 1383 missos
1513 1354 1606 1383 esse

175 1405 344 1460 legatos
373 1406 482 1448 inter
513 1419 662 1449 omnes
693 1406 937 1462 constat.¹5)
995 1408 1129 1449 Plane
1154 1408 1440 1463 praeceptoris
1471 1408 1606 1464 Chry-

174 1473 287 1530 sippi
330 1474 538 1517 rationem
579 1475 817 1530 suscepisse
857 1474 1018 1517 dieitur.
1077 1476 1290 1531 Imprimis
1319 1482 1460 1519 autem
1489 1477 1604 1519 illam

173 1547 311 1586 artem
336 1542 446 1585 bene
477 1542 712 1586 disserendi
742 1548 783 1585 et
811 1556 914 1585 vera
943 1557 995 1586 ac
1023 1543 1134 1586 falsa
1163 1544 1445 1598 dijudicandi,
1477 1558 1602 1598 quam

173 1610 328 1654 Graeci
366 1607 645 1663 διαλεκτικὴν
686 1611 983 1667 appellaba-nt,
1017 1613 1201 1655 excoluit
1220 1614 1280 1668 ¹²³),
1313 1626 1440 1666 quam
1472 1619 1603 1656 artem

175 1681 303 1724 etiam
349 1679 492 1723 docuit
533 1680 813 1723 Carneadem.
875 1681 1022 1723 Cicero
1040 1682 1090 1733 1τ)
1134 1681 1369 1736 Diogenem
1403 1695 1603 1735 magnum

173 1754 217 1793 et
257 1762 435 1804 gravem
475 1748 653 1792 stoicum
695 1750 897 1791 nominat.
971 1749 1065 1799 Quo
1097 1763 1209 1791 anno
1242 1757 1429 1793 mortuus
1458 1750 1512 1792 sit
1538 1750 1604 1793 hic

171 1816 493 1861 Atheniensium
514 1817 739 1860 stoicorum
761 1818 969 1873 princeps,
1001 1818 1203 1860 incertum
1225 1823 1297 1861 est.
1326 1818 1536 1860 Lueianus
1555 1820 1604 1869 ¹⁵⁴)

175 1899 272 1929 eum
300 1899 324 1928 e
353 1885 442 1927 vita
469 1885 701 1928 decessisse
732 1885 947 1940 octoginta
978 1899 1112 1928 annos
1144 1891 1288 1927 natum
1321 1886 1456 1929 refert.

285 1954 419 1997 Multo
451 1954 600 2008 minus,
633 1967 760 2008 quam
792 1955 846 1996 de
876 1954 1067 2009 Diogene
1099 1954 1231 1996 stoico
1263 1954 1460 1997 certiores
1506 1954 1605 1996 sacti

172 2035 319 2066 sumus
349 2022 402 2065 de
435 2022 628 2077 Diogene
659 2023 877 2078 Epicureo
940 2023 1255 2074 Athenaeusm)
1289 2022 1472 2065 affirmat
1506 2035 1598 2064 eum

268 2135 325 2180 13)
350 2135 540 2171 Plutarch.
565 2136 603 2170 in
632 2135 776 2171 Lueull.
801 2146 832 2170 e.
857 2136 912 2170 22.

268 2191 329 2238 14)
353 2205 387 2228 v.
414 2192 547 2239 Pauly,
571 2192 743 2229 Realene.
771 2192 841 2228 vol.
866 2192 916 2237 ΙΙ,
940 2205 976 2239 p.
1007 2192 1105 2228 1045.

271 2249 329 2291 15)
358 2249 435 2285 Cic.
463 2251 508 2285 de
533 2261 584 2287 or.
611 2251 661 2295 ΙΙ,
685 2251 729 2286 37
755 2262 808 2297 sq.
843 2250 985 2286 Gellius
1010 2249 1096 2293 VII,
1120 2249 1174 2293 14,
1199 2249 1219 2283 9
1244 2259 1296 2294 sq.
1323 2247 1447 2291 XVII,
1470 2249 1526 2292 41,
1549 2249 1605 2283 48.

174 2305 338 2343 Maerob.
365 2307 442 2343 Sat.
465 2307 505 2352 Ι,
529 2309 561 2343 5.
585 2308 680 2343 Plin.
708 2307 791 2343 hist.
816 2311 892 2342 nat.
917 2307 1004 2351 VII,
1029 2307 1088 2350 30,
1108 2307 1185 2340 112.
1214 2304 1312 2339 Plut.
1342 2303 1435 2339 Cato
1451 2305 1505 2340 44.
1531 2305 1604 2341 Cic.

173 2363 292 2400 Aead.
318 2364 367 2409 ΙΙ,
390 2364 446 2400 45.

264 2421 321 2465 16)
346 2421 422 2457 Cic.
447 2422 564 2457 Aead.
589 2422 638 2467 II,
662 2423 717 2467 30,
743 2422 789 2458 de
814 2425 906 2458 orat.
931 2421 980 2466 11,
1005 2420 1061 2456 38.

264 2479 323 2523 17)
347 2479 424 2515 Cic.
450 2479 495 2516 de
522 2480 582 2515 off.
607 2481 676 2525 ΙΙΙ,
704 2481 755 2515 12.

266 2535 326 2580 18)
351 2536 397 2572 In
419 2535 626 2573 Macrobiis
650 2550 680 2574 c.
708 2538 763 2573 22.
790 2538 848 2573 De
872 2535 1016 2582 seriptis
1041 2533 1221 2580 Diogenis
1245 2531 1349 2567 stoici
1375 2531 1446 2566 vid.
1472 2531 1601 2575 „Real-

173 2593 279 2629 enc.“
304 2593 353 2638 II,
380 2595 479 2631 1046.

266 2651 326 2698 19)
351 2651 490 2688 Athen.
516 2652 648 2699 Deipn.
677 2652 727 2696 V,
751 2652 829 2687 211.
1356 2703 1377 2735 4
