1955 3262
162 453 259 484 nem
291 442 497 496 sequitur,
531 443 811 486 nobilissimas
843 444 969 497 hujus
1000 443 1094 485 viae
1123 445 1325 488 stationes
1357 444 1586 490 memoriae

162 509 446 565 tradiderunt.;
479 511 553 554 sed
582 512 749 554 difficile
778 519 861 564 cst,
903 526 995 554 cum
1029 513 1276 568 scriptorum
1304 515 1466 558 numeri
1494 529 1586 558 sae-

161 577 257 632 pius
286 578 369 621 sint
400 579 575 631 diversi,
619 581 784 623 illorum
824 581 1074 635 oppidorum
1109 582 1233 623 situm
1263 588 1460 625 accurate
1488 584 1585 627 dcii-

162 646 262 689 nire.
323 648 425 691 Utut
454 654 528 703 cst,
560 649 637 691 hoe
667 649 836 702 quidem
867 655 1025 692 certum
1055 650 1258 693 habemus
1282 651 1394 693 viam
1414 666 1440 692 a.
1455 652 1587 706 portis

162 714 327 771 Caspiis
358 729 490 770 usque
520 718 576 759 ad
606 718 754 759 Indiae
798 718 900 760 tines
942 717 1104 760 circiter
1137 719 1216 761 XV
1251 719 1305 760 M.
1348 719 1581 763 stadiorum

161 784 412 840 explevisse.
434 786 482 829 ²3)
543 787 608 828 Ab
653 786 754 827 urbe
799 790 844 827 ut
885 785 1050 828 videtur
1078 787 1251 837 Taxila,
1300 800 1381 840 quo
1429 801 1587 832 merces

159 851 331 895 Indicae
369 853 654 908 confluebant,
696 859 950 896 mercatores
984 860 1096 895 recta
1128 854 1197 895 via
1229 855 1430 909 oppidum
1460 856 1584 899 Indo-

160 933 253 964 rum
294 921 553 965 Peucolatim
590 923 680 965 sive
715 923 939 965 Peucelam
971 922 1358 978 proficiscebantur,
1403 925 1500 966 iude
1530 925 1586 967 ad

161 990 399 1033 Alexandri
425 990 628 1046 oppidum
660 991 701 1032 in
734 990 1013 1044 Paropamiso
1045 990 1227 1044 positum
1259 991 1335 1034 iter
1366 992 1586 1041 faciebant,

161 1072 184 1102 e
204 1072 289 1113 qua
323 1059 425 1101 urbe
454 1073 530 1114 per
549 1059 835 1114 Ortospanum
863 1058 1079 1100 meridiem
1112 1071 1258 1101 versus
1281 1060 1585 1103 Alexandriam

161 1127 489 1171 Arachosiorum
531 1128 733 1183 oppidum
776 1128 1090 1183 perveniebant.
1161 1128 1255 1178 Quo
1305 1128 1447 1171 relicto
1485 1131 1586 1171 Pro-

160 1196 403 1252 phthasiam
434 1197 704 1251 Drangorum
735 1197 973 1250 migrabant
1006 1202 1046 1238 et
1073 1197 1115 1239 in
1158 1197 1464 1251 septentriones
1511 1197 1589 1240 iter

159 1265 373 1308 flectentes
406 1265 712 1308 Alexandriam
742 1265 873 1307 Arion
906 1265 1182 1318 attingebant.
1241 1265 1346 1307 Inde
1371 1265 1441 1307 via
1459 1265 1585 1308 duce-

158 1335 232 1376 bat
271 1334 328 1376 ad
358 1333 612 1376 Parthorum
654 1338 781 1387 eaput
811 1333 1172 1387 Hecatompylon,
1205 1345 1315 1385 quae
1348 1334 1445 1376 urbs
1475 1338 1583 1377 teste

158 1402 293 1446 Plinio
310 1402 362 1453 21)
394 1416 420 1444 a
447 1402 614 1457 Caspiis
644 1401 775 1456 portis
807 1402 1037 1444 CXXXIII
1068 1401 1120 1442 M.
1153 1415 1194 1456 p.
1227 1402 1385 1444 aberat.
1427 1402 1464 1444 A
1495 1403 1583 1456 qui-

160 1471 236 1514 bus
267 1476 522 1513 merca-tores
553 1470 609 1512 ad
626 1465 907 1525 Babyloniam
939 1469 1159 1512 tendentes
1195 1482 1271 1524 per
1301 1470 1585 1526 Ecbatanaffi)

156 1539 279 1582 facile
309 1539 365 1582 ad
395 1539 508 1584 viam
539 1540 654 1581 illam
686 1540 867 1594 regiam,
912 1552 1022 1592 quae
1063 1538 1181 1580 Susis
1225 1538 1387 1581 ferebat
1417 1540 1586 1597 Sardes,

158 1609 380 1664 pervenire
405 1609 613 1664 poterant.
674 1609 759 1651 Cur
798 1615 938 1650 autem
973 1610 1228 1649 mercatores
1258 1620 1341 1648 non
1372 1612 1487 1650 recta
1516 1610 1587 1652 via

157 1691 185 1719 a
213 1677 407 1720 Seleucia
454 1678 657 1719 orientem
673 1678 713 1728 ἕ)
756 1690 903 1719 versus
945 1689 1075 1729 usque
1117 1675 1173 1717 ad
1214 1675 1378 1717 Indiam
1410 1678 1585 1730 profecti

158 1745 255 1799 sint,
284 1759 369 1788 non
396 1746 497 1787 mihi
530 1745 681 1788 mirum
709 1745 885 1786 videtur.
945 1746 1056 1786 Nam
1082 1757 1241 1798 magna
1264 1744 1442 1799 deserta,
1475 1759 1583 1799 quae

156 1813 266 1856 inter
301 1814 519 1856 Persidem
563 1820 603 1857 et
641 1814 824 1856 Mediam
869 1813 945 1855 sita
990 1817 1131 1863 erant,
1174 1825 1394 1866 permeare
1417 1813 1583 1858 difficile

158 1887 248 1924 erat
287 1886 328 1924 et
368 1883 579 1924 latronum
617 1895 803 1936 magnae
842 1882 990 1923 turbae
1034 1881 1334 1922 mercatoribus
1375 1883 1583 1936 parabant

156 1949 342 1993 insidias.
402 1950 490 2002 Sed
528 1964 580 1992 ne
621 1950 693 1992 illa
731 1950 900 2003 quidem
932 1949 1022 2004 via,
1056 1962 1183 2002 quam
1213 1949 1338 1991 modo
1370 1950 1583 2005 descripsi,

157 2024 413 2061 mercatores
451 2019 504 2060 ab
541 2019 665 2061 India
696 2018 931 2061 Seleuciam
975 2031 1122 2060 versus
1151 2017 1460 2072 proficiscentes
1489 2032 1582 2062 sae-

157 2099 388 2142 penumero
430 2099 529 2129 usos
566 2100 658 2130 esse
697 2099 948 2141 persuasum
990 2086 1149 2138 habeo,
1195 2099 1288 2128 cum
1327 2087 1457 2129 multo
1487 2088 1581 2141 plus

156 2155 389 2210 postularet
428 2155 629 2211 temporis
671 2168 720 2198 ac
752 2160 965 2210 sumptus,
999 2168 1125 2208 quam
1158 2154 1226 2196 via
1256 2154 1328 2196 illa
1359 2155 1580 2210 maritima,

254 2267 314 2313 23)
339 2267 433 2302 Plin.
459 2268 506 2302 H.
533 2267 576 2301 N.
601 2267 667 2311 VI,
693 2268 746 2311 15,
772 2267 826 2301 45.
858 2266 914 2302 De
944 2268 1128 2302 mercandi
1146 2268 1223 2309 viis,
1254 2278 1346 2313 quae
1368 2267 1577 2313 Babylonia.

156 2336 306 2372 quoquo
330 2337 456 2360 versus
480 2325 675 2368 ducebant,
711 2325 860 2360 omnino
893 2325 1103 2360 conseratur
1127 2325 1289 2369 Heeren,
1319 2325 1431 2361 Idcen
1455 2330 1522 2362 etc.
1548 2327 1578 2371 I,

155 2384 187 2418 3.
210 2394 246 2428 p.
263 2382 331 2417 402
361 2394 440 2428 sqq.
465 2382 493 2421 Ι,
519 2383 540 2415 2
565 2394 599 2427 p.
622 2382 688 2416 216
713 2394 790 2428 sqq.

243 2439 304 2485 24)
330 2439 394 2484 VI,
422 2439 472 2483 15,
497 2439 550 2474 44.

246 2495 307 2541 25)
332 2495 452 2532 Strab.
486 2496 555 2540 XI,
580 2495 656 2530 525.
709 2496 747 2540 ἦ)
789 2496 845 2531 Cf.
879 2495 1045 2530 tabulam
1075 2495 1359 2542 geographicam
1388 2495 1424 2530 in
1449 2496 1574 2531 libello

157 2552 349 2588 Brehmeri
375 2553 689 2599 ,AEntdeckungcn
720 2553 767 2587 im
793 2552 1040 2596 Alterthu1ne,
1064 2557 1149 2587 tom.
1180 2553 1220 2596 I.,
1248 2553 1284 2587 in
1304 2563 1378 2598 qua
1396 2553 1497 2589 Susis
1518 2554 1577 2588 via

154 2609 229 2645 fert
243 2609 444 2653 Ecbatana,
469 2610 553 2645 inde
574 2611 621 2645 ad
640 2610 791 2656 Caspias
809 2615 933 2656 portas
946 2610 1152 2656 etreliquas
1175 2610 1360 2645 stationes.
1387 2610 1430 2645 In
1446 2611 1573 2646 eadem

153 2667 283 2702 tabula
322 2668 434 2702 etiam
476 2667 535 2702 via
571 2666 642 2703 fert
674 2667 868 2713 Babylone
905 2678 970 2713 per
1003 2668 1234 2703 Carmaniam
1268 2668 1305 2701 iu
1339 2667 1573 2703 Gedrosiam.

154 2723 274 2766 Quam
296 2725 394 2759 viam
421 2724 468 2759 ab
495 2724 621 2771 aliquo
647 2725 821 2771 scriptore
847 2726 1039 2771 probatam
1066 2736 1142 2760 esse
1166 2737 1236 2760 non
1261 2725 1389 2760 inveni.
