1971 3246
305 446 433 488 Asiae
464 445 587 487 urbes
616 444 798 499 primum
831 457 924 486 eam
956 445 1093 487 locum
1127 443 1355 486 obtinuisse
1377 457 1462 486 non
1490 443 1641 487 mirum
1660 450 1733 488 est.

301 515 454 557 Strabo
474 515 523 566 19)
571 513 808 556 Seleuciam
851 514 1057 568 majorem
1107 513 1237 555 fuisse
1290 513 1515 555 Antiochia
1568 513 1734 557 Pieriae

300 582 533 638 contendit,
585 583 799 638 Josephus
812 584 863 635 20)
911 582 1147 625 Seleuciam
1194 582 1383 637 appellat
1433 579 1731 638 ἀξιολογω-

304 649 496 703 τάτην,
531 652 779 694 Ammianus
808 652 1139 704 Marcellinusffl)
1179 651 1562 706 „ambitiosum
1601 663 1728 706 opus

302 721 588 764 Nicatoris
620 721 898 777 Seleuci',“
939 720 1256 776 Sallustius‘22),
1296 720 1616 776 „maximam
1666 733 1731 762 ur-

306 790 497 841 biunr‘,
530 790 830 845 Eutropiusffss)
862 789 1306 845 „nobilissimam
1346 789 1529 831 urbem
1567 787 1727 844 Assy-

302 859 453 901 1·iae.“
513 859 566 901 Et
597 859 785 914 profecto
829 863 996 914 praeter
1026 860 1231 913 Romam,
1274 856 1603 909 Alexandriam,
1638 859 1727 899 An·-

301 928 497 970 tiochiam
530 928 601 969 vix
630 927 716 969 ulla
736 928 884 970 civitas
901 926 988 983 fuit,
1023 940 1133 981 quae
1146 926 1451 982 magnitudine,
1482 927 1730 982 locioppor-

304 997 502 1051 tunitate,
554 997 815 1040 commerciis
858 1011 952 1039 cum
999 996 1192 1039 Seleucia
1241 1000 1403 1038 certare
1445 1000 1604 1050 posset.
1675 996 1732 1037 At

304 1066 409 1108 sicut
440 1066 481 1107 in
513 1066 706 1109 omnibus
736 1066 928 1118 urbibus,
971 1079 1052 1119 quo
1081 1065 1267 1119 undique
1309 1064 1596 1119 negotiatores
1637 1069 1733 1107 con'-

303 1134 489 1187 veniunt,
521 1134 662 1176 omnia
692 1134 890 1176 vitiorum
921 1146 1079 1188 genera
1098 1133 1222 1175 facile
1249 1133 1503 1188 exoriuntur,
1528 1133 1588 1175 ita
1607 1132 1735 1175 etiam

306 1203 546 1254 Seleuciae,
596 1204 751 1258 quippe
792 1217 901 1256 quae
944 1204 1042 1245 urbs
1073 1203 1164 1245 loco
1195 1206 1402 1244 terrarum
1434 1201 1732 1244 amoenissimo

308 1277 347 1313 et
370 1272 624 1315 fertilissimo
649 1272 800 1315 mediis
827 1272 866 1313 in
899 1272 1089 1314 barbaris
1113 1272 1194 1313 sita
1226 1275 1348 1323 esset,
1380 1284 1558 1324 quorum
1583 1285 1609 1313 a
1635 1283 1731 1313 con-

310 1341 424 1394 ragio
449 1342 585 1383 caver]
609 1341 680 1382 vix
698 1346 875 1396 poterat,
898 1341 1099 1396 pravitas,
1121 1340 1298 1390 luxuria,
1318 1340 1504 1382 adulatio
1520 1340 1584 1391 24),
1609 1339 1735 1382 licen-

310 1410 365 1450 tia
393 1414 584 1464 tempore
616 1411 927 1464 subrepserunt.
991 1409 1096 1451 Hinc
1129 1409 1452 1462 ambubajarum
1483 1408 1736 1463 collegia25),

311 1478 407 1520 hinc
439 1478 630 1533 mendici,
663 1478 760 1519 hinc
787 1478 952 1533 mimae,
984 1479 1237 1528 balatrones,
1268 1477 1551 1519 meretricium
1581 1490 1734 1531 greges

309 1547 585 1600 vagabantur.
606 1548 654 1595 26)
718 1548 917 1589 Attamen
958 1547 1134 1602 scriptor
1152 1547 1200 1593 27)
1245 1546 1416 1599 quidam
1448 1559 1620 1589 severus
1635 1559 1733 1588 'me-

308 1615 468 1656 moriac
509 1615 712 1670 prodidit,
762 1615 1037 1657 Seleucenses
1068 1628 1151 1657 non
1184 1616 1226 1656 in
1256 1616 1483 1657 barbarum
1515 1619 1735 1670 corruptos

307 1684 450 1736 fuisse,
480 1684 555 1726 sed
587 1684 814 1726 conditoris
843 1685 1006 1726 Seleuci
1039 1685 1251 1726 Nicatoris
1282 1699 1365 1727 non
1397 1685 1532 1727 solum
1565 1688 1732 1739 gratam

311 1753 568 1808 memoriam,
604 1767 749 1795 Verum
784 1753 908 1795 ctiam
941 1767 1079 1796 mores
1127 1754 1314 1796 Graecos
1346 1753 1578 1796 retinuisse.
1637 1754 1733 1796 Non

308 1823 477 1876 quidem
521 1822 578 1863 ita
617 1822 780 1864 animos
820 1823 1005 1876 fregerat
1044 1823 1126 1864 ista
1168 1836 1331 1864 morum
1374 1822 1587 1877 mollities,
1637 1822 1737 1876 quin

305 1891 516 1933 interdum
550 1892 676 1933 etiam
706 1893 761 1933 ad
794 1892 879 1933 vim
922 1898 1049 1945 atque
1079 1892 1134 1933 ad
1165 1906 1286 1934 arma
1315 1891 1620 1935 descenderent
1648 1891 1738 1933 sive

308 1961 426 2003 bellis
470 1961 678 2003 intestinis
722 1974 815 2003 sese
853 1962 1134 2004 dilacerarent
1175 1961 1264 2003 sive
1305 1967 1453 2003 contra
1481 1960 1736 2002 Parthorum

306 2043 428 2084 reges
461 2029 698 2072 libertatem
731 2043 810 2084 ope
837 2030 1051 2073 communi
1076 2030 1363 2073 defenderent.
1423 2030 1620 2082 Namque
1647 2042 1732 2071 non

400 2166 455 2210 19)
481 2166 587 2211 XVI,
614 2167 692 2202 750.

400 2224 458 2270 20)
484 2223 635 2270 Joseph.
662 2224 749 2258 Ant.
777 2224 864 2260 <Iud¹
885 2224 1030 2268 XVIII,
1057 2225 1089 2268 9,
1116 2224 1147 2258 8.
1176 2223 1222 2258 cf.
1252 2224 1359 2258 Faus.
1392 2223 1498 2267 VIII,
1524 2224 1579 2258 33.

402 2281 461 2327 21)
486 2281 632 2326 XXIII,
657 2282 688 2316 6.
714 2284 768 2316 23.

404 2340 463 2385 22)
489 2339 576 2374 Sall.
599 2339 727 2375 histor.
752 2339 884 2385 fragm.
908 2340 936 2383 I,
960 2339 992 2373 4.

397 2397 457 2442 23)
482 2397 588 2442 VIII,
613 2409 642 2432 c.
669 2398 724 2433 10.

399 2455 458 2500 24)
486 2454 574 2489 Tac.
599 2456 695 2490 Ann.
716 2454 781 2499 VI,
801 2456 846 2489 42
865 2454 1064 2500 plurimum
1081 2453 1306 2489 adulationis
1324 2453 1559 2489 Seleucenses
1577 2453 1738 2489 iuduere.

395 2513 454 2557 25)
482 2512 573 2547 Hor.
601 2513 677 2548 Sat.
702 2513 732 2557 I,
759 2513 789 2546 2.
818 2525 876 2547 vv.
907 2513 934 2546 1.
962 2512 992 2546 2.

400 2571 459 2615 26)
486 2570 584 2606 Plut.
610 2571 729 2606 Crass.
754 2571 814 2605 3:22
840 2568 1213 2618 Ecleumddscngpoz,
1240 2568 1472 2616 μουσουργοὶ,
1489 2567 1605 2603 πολλοὶ
1619 2570 1743 2613 βωμο-
1770 2559 1771 2566 ¹

310 2627 399 2669 λόχοι
426 2629 484 2661 καὶ
511 2628 631 2672 γελοῖα
660 2625 691 2660 δ’
724 2626 892 2674 ἇσιιιάτων
918 2631 986 2666 κτὲ,
1013 2631 1059 2666 cf.
1086 2632 1161 2667 Jul.
1187 2631 1345 2677 Capitol.
1374 2631 1410 2665 in
1440 2629 1517 2665 Ver
1551 2641 1580 2664 c.
1608 2630 1639 2663 8.

403 2687 459 2722 273
486 2688 575 2723 Tac.
600 2688 735 2723 Annal.
764 2689 793 2723 V
800 2689 833 2733 1,
868 2689 927 2723 42:
979 2689 1204 2728 Seleucia..2
1229 2700 1346 2734 neque
1373 2688 1409 2722 in
1435 2687 1635 2723 barbarum
1661 2697 1737 2720 cor-

310 2748 428 2791 rupta,
455 2745 516 2780 scd
542 2746 743 2782 conditoris
774 2746 916 2783 Seleuci
940 2746 1121 2791 retinens,
1148 2747 1196 2781 cf.
1223 2747 1316 2782 Plin.
1350 2747 1412 2790 Vl,
1437 2746 1492 2791 26,
1520 2745 1595 2781 122.
