1955 3262
729 316 1009 358 ..31-

288 432 372 474 Sed
413 418 560 477 redeo,
603 431 713 473 unde
757 431 972 485 digressus
1015 444 1119 472 sum.
1181 429 1349 479 Quanto
1391 429 1599 471 interdum

173 500 313 543 surore
360 500 632 542 Seleucenses
678 500 718 541 in
764 499 1001 541 discrimina
1051 498 1207 540 ruerint
1250 497 1442 539 vidimus.
1500 498 1598 540 Jam

175 581 275 612 vero
320 574 521 621 quantam
566 568 605 609 in
649 568 713 609 his
752 567 1080 610 dissensionibus
1110 565 1318 608 intestinis
1343 565 1497 608 Judaei
1528 565 1600 607 lia·

175 636 339 679 buerint
366 642 618 691 potestatem
650 637 882 678 ostendam.
943 635 1093 678 Graeci
1124 634 1316 688 quamvis
1351 634 1445 689 Syri
1468 633 1600 688 magi-

174 710 331 748 stratus
374 719 594 760 capessere
640 718 944 760 saepcnumero
993 703 1272 754 studuissent,
1312 703 1398 744 fere
1437 715 1604 757 semper

175 773 412 829 superiores
456 773 745 816 discesserant.
807 773 899 822 Qua
939 772 991 814 «le
1039 785 1083 813 re
1133 771 1227 825 Syri
1275 785 1367 812 cum
1414 770 1602 824 Judaeis,

175 855 353 896 quorum
397 842 583 884 maxima
625 842 747 884 turba
789 855 813 883 a
854 839 1099 895 Babyloniis
1139 839 1337 881 infestata
1369 839 1601 881 Seleuciam

175 911 429 965 advenerat,
470 910 683 963 conjuncti
725 922 868 952 eorum
914 908 1071 950 auxilio
1111 914 1338 963 coeperunt
1368 908 1604 963 superiores

177 979 369 1022 existere.
434 979 544 1020 Nam
587 978 741 1021 Judaei
781 984 868 1020 tum
908 977 1091 1032 prompti
1129 983 1247 1018 erant
1293 976 1349 1019 ad
1386 977 1606 1019 subeunda

176 1048 374 1104 pericula.
434 1047 586 1090 Graeci
624 1052 764 1088 autem
809 1046 967 1088 nullam
1008 1045 1213 1088 rationem
1244 1049 1486 1098 cernentes,
1524 1058 1608 1097 qua

178 1122 352 1172 possent
383 1116 564 1171 priorem
594 1115 887 1157 auctoritatem
914 1127 1177 1168 recuperare,
1211 1113 1291 1155 nisi
1320 1118 1450 1168 Syros
1482 1127 1508 1154 a
1533 1113 1606 1155 Ju-

179 1185 297 1228 daeis
339 1189 609 1239 separarent,
650 1198 744 1226 cum
788 1184 951 1225 illorum
991 1183 1166 1224 ducibus
1199 1181 1251 1224 de
1288 1181 1606 1224 reconciliandis

177 1254 286 1297 inter
315 1267 361 1296 se
391 1253 615 1295 inimicitiis
645 1254 892 1296 consultant.
943 1253 1079 1294 Facta
1099 1251 1252 1293 deinde
1270 1249 1606 1292 reconciliatione

178 1322 330 1365 Graeci
363 1327 402 1364 et
434 1321 527 1376 Syri
559 1336 610 1363 ex
643 1321 871 1376 improviso
902 1321 944 1362 in
961 1319 1150 1363 Judaeos
1182 1319 1344 1361 irruunt
1378 1331 1606 1371 eorumque

180 1390 412 1432 maximum
445 1403 664 1432 numerum
695 1389 918 1431 trucidant.
978 1387 1186 1442 Perpauci
1215 1392 1379 1429 tantum
1409 1387 1476 1428 vel
1506 1386 1604 1428 vici*-

180 1472 330 1502 norum
361 1459 428 1501 vel
461 1458 690 1501 amicornm
713 1456 1000 1500 misericordia
1024 1456 1261 1498 conservati
1290 1455 1606 1510 Ctesiphontem

180 1527 439 1582 confugiunt.
498 1527 565 1569 Ne
594 1526 662 1569 hie
692 1525 862 1579 quidem
891 1539 988 1580 spes
1023 1524 1194 1566 vivendi
1233 1524 1283 1566 iis
1314 1524 1476 1577 reliqua
1507 1528 1607 1578 erat,

182 1610 277 1640 cum
308 1596 435 1639 etiam
467 1595 752 1651 Ctesiphontis
779 1595 944 1637 incolae
974 1607 1046 1636 eos
1078 1593 1385 1649 opprimerent„
1434 1593 1500 1634 Ex
1531 1592 1610 1634 hac

181 1665 360 1720 Josephi
375 1665 426 1717 2²)
473 1664 715 1707 narratione
759 1669 959 1718 apparet,
1005 1662 1220 1704 Seleuciae
1264 1661 1489 1716 optimates
1524 1661 1610 1702 fere

182 1747 392 1776 summam
437 1738 690 1789 potestatem
735 1733 968 1774 obtinuisse
1017 1745 1065 1773 ac
1116 1744 1284 1785 semper
1338 1730 1608 1772 seleucenses

186 1802 422 1856 ubicunque
453 1802 660 1845 voluerint
691 1807 864 1855 paratos
891 1800 1019 1842 fuisse
1039 1799 1094 1840 ad
1111 1812 1231 1840 arma
1248 1798 1464 1852 capienda.
1499 1797 1608 1838 Con-

178 1871 311 1924 jicere
356 1871 485 1913 ctiam
523 1871 639 1924 licet,
678 1869 760 1911 alia
803 1881 969 1922 <pioque
1010 1866 1240 1909 certamina
1271 1865 1409 1907 civilia
1438 1866 1607 1919 saepius

184 1940 314 1983 fuisse
343 1939 646 1982 cruentissima.
709 1939 773 1979 Ex
804 1937 997 1978 omnibus
1028 1940 1168 1977 autem
1199 1934 1467 1976 manifestum
1489 1934 1608 1976 nobis

184 2008 246 2063 fit,
297 2000 618 2070 Seleucensibus
662 2007 835 2049 infuisse
877 2005 1004 2047 etiam
1044 2003 1258 2046 stimulum
1301 2002 1512 2055 quendam
1554 2001 1609 2043 ad

186 2077 335 2120 altiora
368 2078 634 2120 excitantem.
695 2077 806 2118 Nam
838 2075 917 2116 hae
946 2074 1116 2115 crebrae
1148 2072 1431 2114 dissensiones
1464 2072 1612 2114 effece-

185 2153 302 2203 runt,
343 2152 387 2190 ut
430 2146 597 2188 luxuria
637 2150 764 2199 atque
800 2143 973 2185 mollitie
1012 2142 1287 2184 Seleucenses
1318 2154 1403 2182 non
1436 2153 1611 2195 prorsus

188 2216 533 2271 infringerentur,
574 2214 648 2257 sed
688 2213 829 2268 potius
874 2211 1104 2253 maximum
1152 2210 1194 2251 in
1236 2222 1279 2251 re
1324 2208 1491 2263 publica
1539 2207 1611 2249 ad-

188 2285 463 2328 ministranda
504 2292 544 2326 et
582 2284 623 2325 in
664 2280 923 2325 commerciis
966 2278 1143 2333 agendis
1183 2278 1370 2332 vigorem
1409 2276 1486 2320 sibi
1515 2290 1610 2319 con-

188 2361 415 2398 servarent.

283 2479 343 2524 22)
369 2478 521 2524 Joseph.
558 2476 741 2522 Antiquit,
776 2474 863 2511 Jud.
901 2473 1052 2517 XVIII,
1081 2474 1114 2516 9,
1145 2474 1176 2507 ὅ.
1204 2471 1454 2518 copiosissime
1481 2469 1613 2513 omnia,

190 2547 286 2585 quae
311 2536 359 2571 ad
382 2535 609 2571 Judaeorum
635 2534 845 2568 vexationes
869 2531 1065 2577 pertinent,
1096 2529 1316 2576 perscripsit.
