<?xml version="1.0" encoding="UTF-8"?>
<!DOCTYPE html PUBLIC "-//W3C//DTD XHTML 1.0 Transitional//EN"
    "http://www.w3.org/TR/xhtml1/DTD/xhtml1-transitional.dtd">
<html xmlns="http://www.w3.org/1999/xhtml" xml:lang="en" lang="en">
 <head>
  <title>
</title>
<meta http-equiv="Content-Type" content="text/html;charset=utf-8" />
  <meta name='ocr-system' content='tesseract 3.04.00' />
  <meta name='ocr-capabilities' content='ocr_page ocr_carea ocr_par ocr_line ocrx_word'/>
</head>
<body>
  <div class='ocr_page' id='page_1' title='image "./deseleuciababylo00fabiuoft_0069.png"; bbox 0 0 1955 3262; ppageno 0'>
   <div class='ocr_carea' id='block_1_1' title="bbox 0 3102 99 3262">
    <p class='ocr_par' dir='ltr' id='par_1_1' title="bbox 0 3102 134 3262">
     <span class='ocr_line' id='line_1_1' title="bbox 0 3102 99 3262; textangle 90"><span class='ocrx_word' id='word_1_1' title='bbox 0 3102 99 3262; x_wconf 45' lang='grc' dir='ltr'>Ε,</span> 
     </span>
    </p>
   </div>
   <div class='ocr_carea' id='block_1_2' title="bbox 741 273 1021 316">
    <p class='ocr_par' dir='ltr' id='par_1_2' title="bbox 741 273 1021 316">
     <span class='ocr_line' id='line_1_2' title="bbox 741 273 1021 316; baseline 0 0"><span class='ocrx_word' id='word_1_2' title='bbox 741 273 905 316; x_wconf 84' lang='grc'>-63</span> <span class='ocrx_word' id='word_1_3' title='bbox 968 287 1021 305; x_wconf 83' lang='grc'>-·</span> 
     </span>
    </p>
   </div>
   <div class='ocr_carea' id='block_1_3' title="bbox 174 386 1614 1809">
    <p class='ocr_par' dir='ltr' id='par_1_3' title="bbox 174 386 1614 1809">
     <span class='ocr_line' id='line_1_3' title="bbox 176 386 1607 442; baseline -0.001 -12"><span class='ocrx_word' id='word_1_4' title='bbox 176 387 312 431; x_wconf 84' lang='lat' dir='ltr'>mittit.</span> <span class='ocrx_word' id='word_1_5' title='bbox 370 388 564 431; x_wconf 71' lang='lat' dir='ltr'>Victoriis</span> <span class='ocrx_word' id='word_1_6' title='bbox 605 395 745 430; x_wconf 84' lang='lat' dir='ltr'>autem</span> <span class='ocrx_word' id='word_1_7' title='bbox 776 387 898 429; x_wconf 83' lang='lat' dir='ltr'>nimis</span> <span class='ocrx_word' id='word_1_8' title='bbox 941 388 1071 429; x_wconf 84' lang='lat' dir='ltr'>frctus</span> <span class='ocrx_word' id='word_1_9' title='bbox 1103 386 1336 429; x_wconf 74' lang='lat' dir='ltr'><strong>Antiochus</strong></span> <span class='ocrx_word' id='word_1_10' title='bbox 1367 400 1513 442; x_wconf 84' lang='lat' dir='ltr'>pacem</span> <span class='ocrx_word' id='word_1_11' title='bbox 1543 387 1607 430; x_wconf 85' lang='lat' dir='ltr'>his</span> 
     </span>
     <span class='ocr_line' id='line_1_4' title="bbox 174 455 1609 511; baseline -0.001 -12"><span class='ocrx_word' id='word_1_12' title='bbox 174 457 469 500; x_wconf 80' lang='lat' dir='ltr'>tantummodo</span> <span class='ocrx_word' id='word_1_13' title='bbox 499 457 822 499; x_wconf 81' lang='lat' dir='ltr'>condicionibus</span> <span class='ocrx_word' id='word_1_14' title='bbox 837 455 893 511; x_wconf 66' lang='grc'>39)</span> <span class='ocrx_word' id='word_1_15' title='bbox 924 456 1062 498; x_wconf 81' lang='lat' dir='ltr'>facere</span> <span class='ocrx_word' id='word_1_16' title='bbox 1091 455 1192 510; x_wconf 79' lang='lat' dir='ltr'>vult,</span> <span class='ocrx_word' id='word_1_17' title='bbox 1225 459 1268 497; x_wconf 92' lang='lat' dir='ltr'>ut</span> <span class='ocrx_word' id='word_1_18' title='bbox 1297 456 1503 498; x_wconf 74' lang='lat' dir='ltr'>Phraates</span> <span class='ocrx_word' id='word_1_19' title='bbox 1548 469 1609 498; x_wconf 90' lang='lat' dir='ltr'>re-</span> 
     </span>
     <span class='ocr_line' id='line_1_5' title="bbox 177 524 1610 581; baseline -0.002 -12"><span class='ocrx_word' id='word_1_20' title='bbox 177 539 309 581; x_wconf 84' lang='lat' dir='ltr'>gnum</span> <span class='ocrx_word' id='word_1_21' title='bbox 325 539 448 569; x_wconf 83' lang='lat' dir='ltr'>suum</span> <span class='ocrx_word' id='word_1_22' title='bbox 473 527 656 579; x_wconf 83' lang='lat' dir='ltr'>antiquis</span> <span class='ocrx_word' id='word_1_23' title='bbox 680 525 867 568; x_wconf 86' lang='lat' dir='ltr'>terminis</span> <span class='ocrx_word' id='word_1_24' title='bbox 886 526 1019 567; x_wconf 89' lang='lat' dir='ltr'>tiniret</span> <span class='ocrx_word' id='word_1_25' title='bbox 1044 524 1280 576; x_wconf 83' lang='lat' dir='ltr'>tributaque</span> <span class='ocrx_word' id='word_1_26' title='bbox 1298 526 1463 566; x_wconf 80' lang='lat' dir='ltr'>faceret.</span> <span class='ocrx_word' id='word_1_27' title='bbox 1492 525 1610 574; x_wconf 81' lang='lat' dir='ltr'>Quas</span> 
     </span>
     <span class='ocr_line' id='line_1_6' title="bbox 174 593 1604 648; baseline -0.002 -12"><span class='ocrx_word' id='word_1_28' title='bbox 174 594 293 648; x_wconf 81' lang='lat' dir='ltr'>leges</span> <span class='ocrx_word' id='word_1_29' title='bbox 323 607 418 636; x_wconf 88' lang='lat' dir='ltr'>cum</span> <span class='ocrx_word' id='word_1_30' title='bbox 447 595 629 637; x_wconf 86' lang='lat' dir='ltr'>Parthus</span> <span class='ocrx_word' id='word_1_31' title='bbox 666 608 747 636; x_wconf 87' lang='lat' dir='ltr'>nou</span> <span class='ocrx_word' id='word_1_32' title='bbox 786 594 1016 648; x_wconf 86' lang='lat' dir='ltr'>acciperet,</span> <span class='ocrx_word' id='word_1_33' title='bbox 1048 593 1202 634; x_wconf 81' lang='lat' dir='ltr'>belluni</span> <span class='ocrx_word' id='word_1_34' title='bbox 1235 593 1433 647; x_wconf 78' lang='lat' dir='ltr'>procedit.</span> <span class='ocrx_word' id='word_1_35' title='bbox 1497 594 1604 634; x_wconf 88' lang='lat' dir='ltr'>Tum</span> 
     </span>
     <span class='ocr_line' id='line_1_7' title="bbox 177 652 1610 717; baseline -0.001 -13"><span class='ocrx_word' id='word_1_36' title='bbox 177 675 338 717; x_wconf 80' lang='lat' dir='ltr'>magna</span> <span class='ocrx_word' id='word_1_37' title='bbox 376 676 513 704; x_wconf 88' lang='lat' dir='ltr'>rerum</span> <span class='ocrx_word' id='word_1_38' title='bbox 543 663 655 704; x_wconf 77' lang='lat' dir='ltr'>fact-‚1</span> <span class='ocrx_word' id='word_1_39' title='bbox 689 666 751 703; x_wconf 85' lang='lat' dir='ltr'>est</span> <span class='ocrx_word' id='word_1_40' title='bbox 781 661 1051 703; x_wconf 74' lang='lat' dir='ltr'>commutatio</span> <span class='ocrx_word' id='word_1_41' title='bbox 1084 674 1132 702; x_wconf 87' lang='lat' dir='ltr'>ac</span> <span class='ocrx_word' id='word_1_42' title='bbox 1164 652 1406 703; x_wconf 75' lang='lat' dir='ltr'>se&#39;fortuna</span> <span class='ocrx_word' id='word_1_43' title='bbox 1435 661 1610 703; x_wconf 87' lang='lat' dir='ltr'>inclina-</span> 
     </span>
     <span class='ocr_line' id='line_1_8' title="bbox 178 729 1608 787; baseline -0.002 -14"><span class='ocrx_word' id='word_1_44' title='bbox 178 730 250 773; x_wconf 86' lang='lat' dir='ltr'>vit.</span> <span class='ocrx_word' id='word_1_45' title='bbox 310 730 516 773; x_wconf 81' lang='lat' dir='ltr'>Phraates</span> <span class='ocrx_word' id='word_1_46' title='bbox 559 731 599 772; x_wconf 94' lang='lat' dir='ltr'>in</span> <span class='ocrx_word' id='word_1_47' title='bbox 643 743 830 772; x_wconf 78' lang='lat' dir='ltr'>summas</span> <span class='ocrx_word' id='word_1_48' title='bbox 860 729 1080 783; x_wconf 79' lang='lat' dir='ltr'>angustias</span> <span class='ocrx_word' id='word_1_49' title='bbox 1111 729 1326 787; x_wconf 74' lang='lat' dir='ltr'>adductus</span> <span class='ocrx_word' id='word_1_50' title='bbox 1350 729 1608 772; x_wconf 79' lang='lat' dir='ltr'>Demetrium</span> 
     </span>
     <span class='ocr_line' id='line_1_9' title="bbox 178 787 1609 853; baseline -0.001 -13"><span class='ocrx_word' id='word_1_51' title='bbox 178 798 392 853; x_wconf 83' lang='lat' dir='ltr'>captivum</span> <span class='ocrx_word' id='word_1_52' title='bbox 424 799 466 841; x_wconf 89' lang='lat' dir='ltr'>in</span> <span class='ocrx_word' id='word_1_53' title='bbox 487 799 654 853; x_wconf 79' lang='lat' dir='ltr'>Syriam</span> <span class='ocrx_word' id='word_1_54' title='bbox 688 798 876 852; x_wconf 86' lang='lat' dir='ltr'>dimittit,</span> <span class='ocrx_word' id='word_1_55' title='bbox 911 803 952 839; x_wconf 92' lang='lat' dir='ltr'>ut</span> <span class='ocrx_word' id='word_1_56' title='bbox 983 787 1176 852; x_wconf 82' lang='lat' dir='ltr'>opposito</span> <span class='ocrx_word' id='word_1_57' title='bbox 1202 798 1319 851; x_wconf 79' lang='lat' dir='ltr'>regni</span> <span class='ocrx_word' id='word_1_58' title='bbox 1340 798 1506 839; x_wconf 87' lang='lat' dir='ltr'>aemulo</span> <span class='ocrx_word' id='word_1_59' title='bbox 1525 802 1609 839; x_wconf 90' lang='lat' dir='ltr'>An-</span> 
     </span>
     <span class='ocr_line' id='line_1_10' title="bbox 180 865 1607 917; baseline 0 -9"><span class='ocrx_word' id='word_1_60' title='bbox 180 866 345 908; x_wconf 88' lang='lat' dir='ltr'>tiochus</span> <span class='ocrx_word' id='word_1_61' title='bbox 375 880 401 908; x_wconf 90' lang='lat' dir='ltr'>a</span> <span class='ocrx_word' id='word_1_62' title='bbox 431 867 600 909; x_wconf 88' lang='lat' dir='ltr'>Parthis</span> <span class='ocrx_word' id='word_1_63' title='bbox 632 872 911 908; x_wconf 78' lang='lat' dir='ltr'>revocaretur.</span> <span class='ocrx_word' id='word_1_64' title='bbox 929 867 980 917; x_wconf 77' lang='lat'>¹⁰)</span> <span class='ocrx_word' id='word_1_65' title='bbox 1041 865 1211 907; x_wconf 78' lang='lat' dir='ltr'>Interim</span> <span class='ocrx_word' id='word_1_66' title='bbox 1238 865 1469 908; x_wconf 84' lang='lat' dir='ltr'>Antiochus</span> <span class='ocrx_word' id='word_1_67' title='bbox 1491 879 1607 908; x_wconf 85' lang='lat' dir='ltr'>exer-</span> 
     </span>
     <span class='ocr_line' id='line_1_11' title="bbox 178 934 1608 989; baseline -0.001 -13"><span class='ocrx_word' id='word_1_68' title='bbox 178 935 308 977; x_wconf 84' lang='lat' dir='ltr'>citum</span> <span class='ocrx_word' id='word_1_69' title='bbox 349 948 472 977; x_wconf 91' lang='lat' dir='ltr'>suum</span> <span class='ocrx_word' id='word_1_70' title='bbox 519 948 594 989; x_wconf 90' lang='lat' dir='ltr'>per</span> <span class='ocrx_word' id='word_1_71' title='bbox 645 935 903 989; x_wconf 78' lang='lat' dir='ltr'>provincias</span> <span class='ocrx_word' id='word_1_72' title='bbox 949 934 1058 975; x_wconf 84' lang='lat' dir='ltr'>eirca</span> <span class='ocrx_word' id='word_1_73' title='bbox 1097 934 1136 974; x_wconf 91' lang='lat' dir='ltr'>in</span> <span class='ocrx_word' id='word_1_74' title='bbox 1186 934 1358 976; x_wconf 87' lang='lat' dir='ltr'>hiberna</span> <span class='ocrx_word' id='word_1_75' title='bbox 1398 934 1608 977; x_wconf 70' lang='lat' dir='ltr'>diviserat.</span> 
     </span>
     <span class='ocr_line' id='line_1_12' title="bbox 183 1002 1610 1058; baseline -0.001 -12"><span class='ocrx_word' id='word_1_76' title='bbox 183 1004 293 1046; x_wconf 88' lang='lat' dir='ltr'>Tum</span> <span class='ocrx_word' id='word_1_77' title='bbox 322 1003 537 1058; x_wconf 81' lang='lat' dir='ltr'>civitates,</span> <span class='ocrx_word' id='word_1_78' title='bbox 583 1016 691 1056; x_wconf 87' lang='lat' dir='ltr'>quac</span> <span class='ocrx_word' id='word_1_79' title='bbox 730 1002 981 1044; x_wconf 76' lang='lat' dir='ltr'>Antiochum</span> <span class='ocrx_word' id='word_1_80' title='bbox 1012 1002 1135 1043; x_wconf 87' lang='lat' dir='ltr'>lactis</span> <span class='ocrx_word' id='word_1_81' title='bbox 1167 1003 1318 1044; x_wconf 81' lang='lat' dir='ltr'>animis</span> <span class='ocrx_word' id='word_1_82' title='bbox 1347 1007 1389 1044; x_wconf 91' lang='lat' dir='ltr'>ut</span> <span class='ocrx_word' id='word_1_83' title='bbox 1417 1003 1610 1045; x_wconf 85' lang='lat' dir='ltr'>liberato-</span> 
     </span>
     <span class='ocr_line' id='line_1_13' title="bbox 184 1070 1611 1126; baseline -0.001 -12"><span class='ocrx_word' id='word_1_84' title='bbox 184 1084 273 1114; x_wconf 86' lang='lat' dir='ltr'>rem</span> <span class='ocrx_word' id='word_1_85' title='bbox 302 1077 568 1126; x_wconf 76' lang='lat' dir='ltr'>exceperant,</span> <span class='ocrx_word' id='word_1_86' title='bbox 600 1072 688 1113; x_wconf 79' lang='lat' dir='ltr'>sivc</span> <span class='ocrx_word' id='word_1_87' title='bbox 720 1084 914 1113; x_wconf 88' lang='lat' dir='ltr'>annonae</span> <span class='ocrx_word' id='word_1_88' title='bbox 940 1071 1158 1112; x_wconf 81' lang='lat' dir='ltr'>exactione</span> <span class='ocrx_word' id='word_1_89' title='bbox 1188 1075 1229 1112; x_wconf 84' lang='lat' dir='ltr'>ct</span> <span class='ocrx_word' id='word_1_90' title='bbox 1258 1070 1433 1112; x_wconf 87' lang='lat' dir='ltr'>militum</span> <span class='ocrx_word' id='word_1_91' title='bbox 1450 1071 1611 1125; x_wconf 84' lang='lat' dir='ltr'>injuriis</span> 
     </span>
     <span class='ocr_line' id='line_1_14' title="bbox 183 1139 1611 1195; baseline -0.001 -12"><span class='ocrx_word' id='word_1_92' title='bbox 183 1140 370 1195; x_wconf 80' lang='lat' dir='ltr'>graviter</span> <span class='ocrx_word' id='word_1_93' title='bbox 399 1146 638 1182; x_wconf 87' lang='lat' dir='ltr'>commotae</span> <span class='ocrx_word' id='word_1_94' title='bbox 667 1147 787 1182; x_wconf 87' lang='lat' dir='ltr'>crant</span> <span class='ocrx_word' id='word_1_95' title='bbox 803 1142 857 1192; x_wconf 76' lang='lat'>⁴¹)</span> <span class='ocrx_word' id='word_1_96' title='bbox 880 1140 979 1193; x_wconf 81' lang='lat' dir='ltr'>sive,</span> <span class='ocrx_word' id='word_1_97' title='bbox 1012 1152 1086 1180; x_wconf 86' lang='lat' dir='ltr'>rex</span> <span class='ocrx_word' id='word_1_98' title='bbox 1103 1139 1286 1181; x_wconf 79' lang='lat' dir='ltr'>victoriis</span> <span class='ocrx_word' id='word_1_99' title='bbox 1310 1139 1500 1181; x_wconf 85' lang='lat' dir='ltr'>sublatus</span> <span class='ocrx_word' id='word_1_100' title='bbox 1516 1146 1611 1194; x_wconf 88' lang='lat' dir='ltr'>post</span> 
     </span>
     <span class='ocr_line' id='line_1_15' title="bbox 184 1207 1609 1261; baseline -0.001 -10"><span class='ocrx_word' id='word_1_101' title='bbox 184 1208 439 1252; x_wconf 85' lang='lat' dir='ltr'>Parthorum</span> <span class='ocrx_word' id='word_1_102' title='bbox 467 1209 610 1251; x_wconf 84' lang='lat' dir='ltr'>clades</span> <span class='ocrx_word' id='word_1_103' title='bbox 640 1221 786 1251; x_wconf 86' lang='lat' dir='ltr'>omnes</span> <span class='ocrx_word' id='word_1_104' title='bbox 818 1208 1043 1249; x_wconf 81' lang='lat' dir='ltr'>orientales</span> <span class='ocrx_word' id='word_1_105' title='bbox 1068 1207 1318 1261; x_wconf 79' lang='lat' dir='ltr'>provincias,</span> <span class='ocrx_word' id='word_1_106' title='bbox 1353 1220 1461 1260; x_wconf 87' lang='lat' dir='ltr'>quae</span> <span class='ocrx_word' id='word_1_107' title='bbox 1479 1221 1609 1260; x_wconf 86' lang='lat' dir='ltr'>quon-</span> 
     </span>
     <span class='ocr_line' id='line_1_16' title="bbox 181 1275 1609 1329; baseline -0.001 -11"><span class='ocrx_word' id='word_1_108' title='bbox 181 1276 281 1318; x_wconf 85' lang='lat' dir='ltr'>dam</span> <span class='ocrx_word' id='word_1_109' title='bbox 331 1277 375 1319; x_wconf 88' lang='lat' dir='ltr'>in</span> <span class='ocrx_word' id='word_1_110' title='bbox 413 1276 730 1320; x_wconf 88' lang='lat' dir='ltr'>Seleucidarum</span> <span class='ocrx_word' id='word_1_111' title='bbox 772 1276 935 1317; x_wconf 85' lang='lat' dir='ltr'>dicione</span> <span class='ocrx_word' id='word_1_112' title='bbox 966 1276 1156 1326; x_wconf 79' lang='lat' dir='ltr'>fuerant,</span> <span class='ocrx_word' id='word_1_113' title='bbox 1204 1288 1258 1317; x_wconf 91' lang='lat' dir='ltr'>ne</span> <span class='ocrx_word' id='word_1_114' title='bbox 1287 1275 1327 1316; x_wconf 91' lang='lat' dir='ltr'>in</span> <span class='ocrx_word' id='word_1_115' title='bbox 1359 1279 1609 1329; x_wconf 86' lang='lat' dir='ltr'>potestatem</span> 
     </span>
     <span class='ocr_line' id='line_1_17' title="bbox 183 1343 1607 1400; baseline -0.002 -12"><span class='ocrx_word' id='word_1_116' title='bbox 183 1358 305 1388; x_wconf 81' lang='lat' dir='ltr'>suam</span> <span class='ocrx_word' id='word_1_117' title='bbox 346 1345 577 1400; x_wconf 82' lang='lat' dir='ltr'>redigeret,</span> <span class='ocrx_word' id='word_1_118' title='bbox 626 1344 1000 1399; x_wconf 84' lang='lat' dir='ltr'>pertimescebant,</span> <span class='ocrx_word' id='word_1_119' title='bbox 1046 1343 1181 1386; x_wconf 86' lang='lat' dir='ltr'>subito</span> <span class='ocrx_word' id='word_1_120' title='bbox 1215 1343 1270 1384; x_wconf 87' lang='lat' dir='ltr'>ad</span> <span class='ocrx_word' id='word_1_121' title='bbox 1303 1344 1482 1385; x_wconf 86' lang='lat' dir='ltr'>Parthos</span> <span class='ocrx_word' id='word_1_122' title='bbox 1510 1344 1607 1386; x_wconf 86' lang='lat' dir='ltr'>defi-</span> 
     </span>
     <span class='ocr_line' id='line_1_18' title="bbox 185 1412 1612 1467; baseline -0.002 -10"><span class='ocrx_word' id='word_1_123' title='bbox 185 1414 313 1457; x_wconf 86' lang='lat' dir='ltr'>ciunt.</span> <span class='ocrx_word' id='word_1_124' title='bbox 372 1414 532 1457; x_wconf 88' lang='lat' dir='ltr'>Omnes</span> <span class='ocrx_word' id='word_1_125' title='bbox 563 1412 714 1455; x_wconf 88' lang='lat' dir='ltr'>deinde</span> <span class='ocrx_word' id='word_1_126' title='bbox 742 1413 931 1455; x_wconf 78' lang='lat' dir='ltr'>civitates</span> <span class='ocrx_word' id='word_1_127' title='bbox 960 1418 1107 1454; x_wconf 85' lang='lat' dir='ltr'>contra</span> <span class='ocrx_word' id='word_1_128' title='bbox 1138 1412 1270 1466; x_wconf 71' lang='lat' dir='ltr'>Syros</span> <span class='ocrx_word' id='word_1_129' title='bbox 1302 1425 1421 1454; x_wconf 81' lang='lat' dir='ltr'>arma</span> <span class='ocrx_word' id='word_1_130' title='bbox 1450 1412 1612 1467; x_wconf 83' lang='lat' dir='ltr'>cepisse</span> 
     </span>
     <span class='ocr_line' id='line_1_19' title="bbox 183 1480 1613 1535; baseline -0.001 -11"><span class='ocrx_word' id='word_1_131' title='bbox 183 1481 391 1524; x_wconf 85' lang='lat' dir='ltr'>videntur.</span> <span class='ocrx_word' id='word_1_132' title='bbox 451 1483 564 1524; x_wconf 84' lang='lat' dir='ltr'>Nam</span> <span class='ocrx_word' id='word_1_133' title='bbox 596 1481 663 1524; x_wconf 85' lang='lat' dir='ltr'>die</span> <span class='ocrx_word' id='word_1_134' title='bbox 693 1485 851 1524; x_wconf 85' lang='lat' dir='ltr'>statuta</span> <span class='ocrx_word' id='word_1_135' title='bbox 880 1481 1042 1523; x_wconf 86' lang='lat' dir='ltr'>incolae</span> <span class='ocrx_word' id='word_1_136' title='bbox 1075 1480 1287 1522; x_wconf 72' lang='lat' dir='ltr'>variarum</span> <span class='ocrx_word' id='word_1_137' title='bbox 1321 1481 1538 1535; x_wconf 87' lang='lat' dir='ltr'>regionum</span> <span class='ocrx_word' id='word_1_138' title='bbox 1570 1481 1613 1523; x_wconf 93' lang='lat' dir='ltr'>in</span> 
     </span>
     <span class='ocr_line' id='line_1_20' title="bbox 187 1549 1612 1606; baseline -0.001 -13"><span class='ocrx_word' id='word_1_139' title='bbox 187 1551 332 1606; x_wconf 85' lang='lat' dir='ltr'>copias</span> <span class='ocrx_word' id='word_1_140' title='bbox 371 1550 571 1593; x_wconf 89' lang='lat' dir='ltr'>Antiochi</span> <span class='ocrx_word' id='word_1_141' title='bbox 613 1551 831 1592; x_wconf 78' lang='lat' dir='ltr'>incurrunt</span> <span class='ocrx_word' id='word_1_142' title='bbox 869 1563 1027 1603; x_wconf 86' lang='lat' dir='ltr'>easque</span> <span class='ocrx_word' id='word_1_143' title='bbox 1063 1563 1139 1604; x_wconf 84' lang='lat' dir='ltr'>per</span> <span class='ocrx_word' id='word_1_144' title='bbox 1167 1550 1344 1592; x_wconf 87' lang='lat' dir='ltr'>hiberna</span> <span class='ocrx_word' id='word_1_145' title='bbox 1370 1549 1612 1591; x_wconf 86' lang='lat' dir='ltr'>distributas</span> 
     </span>
     <span class='ocr_line' id='line_1_21' title="bbox 182 1610 1613 1673; baseline -0.001 -11"><span class='ocrx_word' id='word_1_146' title='bbox 182 1632 236 1662; x_wconf 82' lang='lat' dir='ltr'>ex</span> <span class='ocrx_word' id='word_1_147' title='bbox 260 1618 423 1663; x_wconf 85' lang='lat' dir='ltr'>insidiis</span> <span class='ocrx_word' id='word_1_148' title='bbox 453 1610 715 1664; x_wconf 83' lang='lat' dir='ltr'>obtruncant.</span> <span class='ocrx_word' id='word_1_149' title='bbox 774 1619 1008 1661; x_wconf 83' lang='lat' dir='ltr'>Antiochus</span> <span class='ocrx_word' id='word_1_150' title='bbox 1037 1618 1127 1673; x_wconf 90' lang='lat' dir='ltr'>ipse</span> <span class='ocrx_word' id='word_1_151' title='bbox 1145 1631 1239 1660; x_wconf 87' lang='lat' dir='ltr'>cum</span> <span class='ocrx_word' id='word_1_152' title='bbox 1265 1618 1475 1672; x_wconf 87' lang='lat' dir='ltr'>militibus,</span> <span class='ocrx_word' id='word_1_153' title='bbox 1508 1631 1613 1671; x_wconf 86' lang='lat' dir='ltr'>quos</span> 
     </span>
     <span class='ocr_line' id='line_1_22' title="bbox 183 1686 1613 1743; baseline -0.001 -12"><span class='ocrx_word' id='word_1_154' title='bbox 183 1700 328 1731; x_wconf 89' lang='lat' dir='ltr'>secum</span> <span class='ocrx_word' id='word_1_155' title='bbox 359 1688 520 1743; x_wconf 84' lang='lat' dir='ltr'>habuit,</span> <span class='ocrx_word' id='word_1_156' title='bbox 553 1687 756 1730; x_wconf 77' lang='lat' dir='ltr'>auxilium</span> <span class='ocrx_word' id='word_1_157' title='bbox 788 1688 949 1729; x_wconf 87' lang='lat' dir='ltr'>laturus</span> <span class='ocrx_word' id='word_1_158' title='bbox 971 1687 1130 1741; x_wconf 88' lang='lat' dir='ltr'>proelio</span> <span class='ocrx_word' id='word_1_159' title='bbox 1151 1687 1242 1729; x_wconf 88' lang='lat' dir='ltr'>loco</span> <span class='ocrx_word' id='word_1_160' title='bbox 1263 1686 1341 1729; x_wconf 85' lang='lat' dir='ltr'>sibi</span> <span class='ocrx_word' id='word_1_161' title='bbox 1359 1686 1613 1729; x_wconf 86' lang='lat' dir='ltr'>alienissimo</span> 
     </span>
     <span class='ocr_line' id='line_1_23' title="bbox 181 1755 1614 1809; baseline -0.002 -10"><span class='ocrx_word' id='word_1_162' title='bbox 181 1756 413 1799; x_wconf 85' lang='lat' dir='ltr'>commisso</span> <span class='ocrx_word' id='word_1_163' title='bbox 427 1757 661 1800; x_wconf 69' lang='lat' dir='ltr'>devincitur</span> <span class='ocrx_word' id='word_1_164' title='bbox 679 1761 806 1809; x_wconf 81' lang='lat' dir='ltr'>atque</span> <span class='ocrx_word' id='word_1_165' title='bbox 818 1756 1039 1801; x_wconf 67' lang='lat' dir='ltr'>occiditur4</span> <span class='ocrx_word' id='word_1_166' title='bbox 1049 1757 1078 1807; x_wconf 90' lang='lat'>¹)</span> <span class='ocrx_word' id='word_1_167' title='bbox 1097 1769 1135 1799; x_wconf 86' lang='lat' dir='ltr'>a.</span> <span class='ocrx_word' id='word_1_168' title='bbox 1151 1769 1234 1798; x_wconf 86' lang='lat' dir='ltr'>aer.</span> <span class='ocrx_word' id='word_1_169' title='bbox 1248 1755 1331 1798; x_wconf 83' lang='lat' dir='ltr'>Sel.</span> <span class='ocrx_word' id='word_1_170' title='bbox 1343 1755 1614 1798; x_wconf 83' lang='lat' dir='ltr'>CLXXXIII.</span> 
     </span>
    </p>
   </div>
   <div class='ocr_carea' id='block_1_4' title="bbox 202 1855 472 1859">
    <p class='ocr_par' dir='ltr' id='par_1_4' title="bbox 202 1855 472 1859">
     <span class='ocr_line' id='line_1_24' title="bbox 202 1855 472 1859; baseline 0 0"><span class='ocrx_word' id='word_1_171' title='bbox 202 1855 472 1859; x_wconf 95' lang='lat' dir='ltr'> </span> 
     </span>
    </p>
   </div>
   <div class='ocr_carea' id='block_1_5' title="bbox 177 1879 1645 2694">
    <p class='ocr_par' dir='ltr' id='par_1_5' title="bbox 274 1879 1645 1929">
     <span class='ocr_line' id='line_1_25' title="bbox 274 1879 1645 1929; baseline -0.001 -14"><span class='ocrx_word' id='word_1_172' title='bbox 274 1880 336 1925; x_wconf 88' lang='lat'>39)</span> <span class='ocrx_word' id='word_1_173' title='bbox 358 1880 469 1916; x_wconf 89' lang='lat' dir='ltr'>Diod.</span> <span class='ocrx_word' id='word_1_174' title='bbox 499 1881 568 1917; x_wconf 73' lang='lat' dir='ltr'>Sic.</span> <span class='ocrx_word' id='word_1_175' title='bbox 590 1880 810 1926; x_wconf 26' lang='lat' dir='ltr'>fragm—lib.</span> <span class='ocrx_word' id='word_1_176' title='bbox 837 1880 1005 1915; x_wconf 84' lang='lat' dir='ltr'>XXXIV</span> <span class='ocrx_word' id='word_1_177' title='bbox 1032 1884 1068 1914; x_wconf 91' lang='lat' dir='ltr'>et</span> <span class='ocrx_word' id='word_1_178' title='bbox 1082 1880 1232 1929; x_wconf 71' lang='lat' dir='ltr'>XXXV</span> <span class='ocrx_word' id='word_1_179' title='bbox 1260 1891 1291 1915; x_wconf 90' lang='lat' dir='ltr'>c.</span> <span class='ocrx_word' id='word_1_180' title='bbox 1317 1880 1360 1914; x_wconf 69' lang='lat'>37</span> <span class='ocrx_word' id='word_1_181' title='bbox 1382 1880 1438 1915; x_wconf 89' lang='lat' dir='ltr'>ed.</span> <span class='ocrx_word' id='word_1_182' title='bbox 1455 1879 1610 1928; x_wconf 66' lang='lat' dir='ltr'>Bekker.</span> <span class='ocrx_word' id='word_1_183' title='bbox 1642 1898 1645 1900; x_wconf 22' lang='grc' dir='ltr'><strong>Δ</strong></span> 
     </span>
    </p>

    <p class='ocr_par' dir='ltr' id='par_1_6' title="bbox 276 1948 882 2002">
     <span class='ocr_line' id='line_1_26' title="bbox 276 1948 882 2002; baseline 0 -19"><span class='ocrx_word' id='word_1_184' title='bbox 276 1948 337 1993; x_wconf 83' lang='lat'>40)</span> <span class='ocrx_word' id='word_1_185' title='bbox 362 1948 499 2002; x_wconf 76' lang='lat' dir='ltr'>Justin.</span> <span class='ocrx_word' id='word_1_186' title='bbox 521 1949 743 1992; x_wconf 81' lang='lat' dir='ltr'>XXXVIII,</span> <span class='ocrx_word' id='word_1_187' title='bbox 776 1952 825 1993; x_wconf 80' lang='grc'>10,</span> <span class='ocrx_word' id='word_1_188' title='bbox 852 1949 882 1983; x_wconf 83' lang='grc'>7.</span> 
     </span>
    </p>

    <p class='ocr_par' dir='ltr' id='par_1_7' title="bbox 177 2016 1612 2694">
     <span class='ocr_line' id='line_1_27' title="bbox 272 2016 1610 2064; baseline -0.004 -12"><span class='ocrx_word' id='word_1_189' title='bbox 272 2018 332 2063; x_wconf 82' lang='grc'>41)</span> <span class='ocrx_word' id='word_1_190' title='bbox 357 2017 494 2053; x_wconf 85' lang='lat' dir='ltr'>Justin.</span> <span class='ocrx_word' id='word_1_191' title='bbox 519 2019 543 2053; x_wconf 96' lang='lat' dir='ltr'>I.</span> <span class='ocrx_word' id='word_1_192' title='bbox 568 2019 590 2053; x_wconf 92' lang='lat' dir='ltr'>l.</span> <span class='ocrx_word' id='word_1_193' title='bbox 618 2018 728 2053; x_wconf 91' lang='lat' dir='ltr'>Diod.</span> <span class='ocrx_word' id='word_1_194' title='bbox 752 2018 821 2054; x_wconf 81' lang='lat' dir='ltr'>Sic.</span> <span class='ocrx_word' id='word_1_195' title='bbox 846 2017 978 2064; x_wconf 86' lang='lat' dir='ltr'>fragm.</span> <span class='ocrx_word' id='word_1_196' title='bbox 1006 2017 1178 2051; x_wconf 85' lang='lat' dir='ltr'>XXXIII</span> <span class='ocrx_word' id='word_1_197' title='bbox 1217 2021 1253 2051; x_wconf 87' lang='lat' dir='ltr'>et</span> <span class='ocrx_word' id='word_1_198' title='bbox 1285 2016 1464 2060; x_wconf 81' lang='lat' dir='ltr'>XXXIV,</span> <span class='ocrx_word' id='word_1_199' title='bbox 1490 2028 1519 2051; x_wconf 88' lang='lat' dir='ltr'>e.</span> <span class='ocrx_word' id='word_1_200' title='bbox 1557 2019 1610 2051; x_wconf 66' lang='lat'>41‘).</span> 
     </span>
     <span class='ocr_line' id='line_1_28' title="bbox 178 2073 1612 2119; baseline -0.001 -10"><span class='ocrx_word' id='word_1_201' title='bbox 178 2073 283 2109; x_wconf 79' lang='lat' dir='ltr'>Oros.</span> <span class='ocrx_word' id='word_1_202' title='bbox 326 2074 373 2119; x_wconf 88' lang='lat' dir='ltr'>V,</span> <span class='ocrx_word' id='word_1_203' title='bbox 416 2076 470 2110; x_wconf 89' lang='grc'>10.</span> <span class='ocrx_word' id='word_1_204' title='bbox 519 2075 656 2111; x_wconf 81' lang='lat' dir='ltr'>Justin.</span> <span class='ocrx_word' id='word_1_205' title='bbox 695 2075 927 2117; x_wconf 81' lang='lat' dir='ltr'>XXXVIII,</span> <span class='ocrx_word' id='word_1_206' title='bbox 964 2077 1022 2117; x_wconf 72' lang='lat' dir='ltr'>Io,</span> <span class='ocrx_word' id='word_1_207' title='bbox 1048 2076 1170 2108; x_wconf 65' lang='grc'>8-10.</span> <span class='ocrx_word' id='word_1_208' title='bbox 1217 2074 1291 2109; x_wconf 79' lang='lat' dir='ltr'>Jul.</span> <span class='ocrx_word' id='word_1_209' title='bbox 1327 2074 1543 2119; x_wconf 83' lang='lat' dir='ltr'>Obsequcns</span> <span class='ocrx_word' id='word_1_210' title='bbox 1568 2075 1612 2107; x_wconf 83' lang='lat' dir='ltr'>de</span> 
     </span>
     <span class='ocr_line' id='line_1_29' title="bbox 178 2130 1611 2179; baseline -0.002 -12"><span class='ocrx_word' id='word_1_211' title='bbox 178 2130 330 2179; x_wconf 78' lang='lat' dir='ltr'>Prodig.</span> <span class='ocrx_word' id='word_1_212' title='bbox 378 2134 481 2169; x_wconf 84' lang='lat' dir='ltr'>Oros.</span> <span class='ocrx_word' id='word_1_213' title='bbox 523 2134 568 2176; x_wconf 83' lang='lat' dir='ltr'>V,</span> <span class='ocrx_word' id='word_1_214' title='bbox 608 2134 660 2168; x_wconf 69' lang='grc' dir='ltr'>10Δ</span> <span class='ocrx_word' id='word_1_215' title='bbox 709 2133 832 2167; x_wconf 85' lang='lat' dir='ltr'>Euseb</span> <span class='ocrx_word' id='word_1_216' title='bbox 869 2132 1003 2167; x_wconf 89' lang='lat' dir='ltr'>Chron.</span> <span class='ocrx_word' id='word_1_217' title='bbox 1028 2133 1175 2166; x_wconf 81' lang='lat' dir='ltr'>Armcn.</span> <span class='ocrx_word' id='word_1_218' title='bbox 1202 2131 1331 2166; x_wconf 78' lang='lat' dir='ltr'>Venet.</span> <span class='ocrx_word' id='word_1_219' title='bbox 1359 2131 1446 2166; x_wconf 81' lang='lat'>1818</span> <span class='ocrx_word' id='word_1_220' title='bbox 1470 2144 1504 2177; x_wconf 89' lang='lat' dir='ltr'>p.</span> <span class='ocrx_word' id='word_1_221' title='bbox 1534 2133 1611 2165; x_wconf 70' lang='lat'>3:30.</span> 
     </span>
     <span class='ocr_line' id='line_1_30' title="bbox 177 2187 1611 2235; baseline -0.001 -12"><span class='ocrx_word' id='word_1_222' title='bbox 177 2187 330 2235; x_wconf 70' lang='lat' dir='ltr'>«Ioseph.</span> <span class='ocrx_word' id='word_1_223' title='bbox 368 2190 458 2225; x_wconf 86' lang='lat' dir='ltr'>Ant.</span> <span class='ocrx_word' id='word_1_224' title='bbox 486 2190 594 2234; x_wconf 86' lang='lat' dir='ltr'>XIII,</span> <span class='ocrx_word' id='word_1_225' title='bbox 625 2190 658 2224; x_wconf 78' lang='lat'>8.</span> <span class='ocrx_word' id='word_1_226' title='bbox 721 2190 853 2224; x_wconf 83' lang='lat' dir='ltr'>Athen.</span> <span class='ocrx_word' id='word_1_227' title='bbox 892 2189 938 2224; x_wconf 89' lang='lat' dir='ltr'>X.</span> <span class='ocrx_word' id='word_1_228' title='bbox 979 2190 1032 2224; x_wconf 83' lang='lat'>13.</span> <span class='ocrx_word' id='word_1_229' title='bbox 1064 2209 1104 2213; x_wconf 87' lang='lat'>——</span> <span class='ocrx_word' id='word_1_230' title='bbox 1130 2189 1228 2233; x_wconf 83' lang='lat' dir='ltr'>App.</span> <span class='ocrx_word' id='word_1_231' title='bbox 1255 2187 1336 2233; x_wconf 72' lang='lat' dir='ltr'>Syr.</span> <span class='ocrx_word' id='word_1_232' title='bbox 1364 2188 1418 2222; x_wconf 78' lang='lat'>68.</span> <span class='ocrx_word' id='word_1_233' title='bbox 1471 2188 1611 2222; x_wconf 84' lang='lat' dir='ltr'>Aelian.</span> 
     </span>
     <span class='ocr_line' id='line_1_31' title="bbox 179 2245 1612 2289; baseline -0.001 -9"><span class='ocrx_word' id='word_1_234' title='bbox 179 2245 263 2281; x_wconf 63' lang='lat' dir='ltr'>hist.</span> <span class='ocrx_word' id='word_1_235' title='bbox 303 2246 454 2282; x_wconf 83' lang='lat' dir='ltr'>animal.</span> <span class='ocrx_word' id='word_1_236' title='bbox 500 2248 556 2286; x_wconf 78' lang='lat' dir='ltr'>X.</span> <span class='ocrx_word' id='word_1_237' title='bbox 603 2248 658 2282; x_wconf 72' lang='lat'>34.</span> <span class='ocrx_word' id='word_1_238' title='bbox 736 2247 829 2282; x_wconf 85' lang='lat' dir='ltr'>Sunt</span> <span class='ocrx_word' id='word_1_239' title='bbox 869 2247 1016 2280; x_wconf 88' lang='lat' dir='ltr'>omnino</span> <span class='ocrx_word' id='word_1_240' title='bbox 1059 2246 1095 2280; x_wconf 88' lang='lat' dir='ltr'>in</span> <span class='ocrx_word' id='word_1_241' title='bbox 1137 2246 1205 2279; x_wconf 82' lang='lat' dir='ltr'>hac</span> <span class='ocrx_word' id='word_1_242' title='bbox 1244 2245 1476 2289; x_wconf 85' lang='lat' dir='ltr'>expeditione</span> <span class='ocrx_word' id='word_1_243' title='bbox 1508 2245 1612 2279; x_wconf 84' lang='lat' dir='ltr'>annis</span> 
     </span>
     <span class='ocr_line' id='line_1_32' title="bbox 179 2301 1609 2351; baseline -0.002 -13"><span class='ocrx_word' id='word_1_244' title='bbox 179 2303 361 2340; x_wconf 84' lang='lat'>130—129</span> <span class='ocrx_word' id='word_1_245' title='bbox 385 2304 498 2349; x_wconf 79' lang='lat' dir='ltr'>facta,</span> <span class='ocrx_word' id='word_1_246' title='bbox 525 2305 897 2351; x_wconf 82' lang='lat' dir='ltr'>quaedubitationem</span> <span class='ocrx_word' id='word_1_247' title='bbox 917 2304 1126 2343; x_wconf 80' lang='lat' dir='ltr'>admittant,</span> <span class='ocrx_word' id='word_1_248' title='bbox 1149 2303 1311 2337; x_wconf 85' lang='lat' dir='ltr'>indicata</span> <span class='ocrx_word' id='word_1_249' title='bbox 1335 2313 1357 2336; x_wconf 85' lang='lat' dir='ltr'>a</span> <span class='ocrx_word' id='word_1_250' title='bbox 1377 2301 1609 2336; x_wconf 85' lang='lat' dir='ltr'>Froehlichio</span> 
     </span>
     <span class='ocr_line' id='line_1_33' title="bbox 179 2358 1608 2408; baseline -0.003 -12"><span class='ocrx_word' id='word_1_251' title='bbox 179 2361 315 2398; x_wconf 74' lang='lat' dir='ltr'>Annal.</span> <span class='ocrx_word' id='word_1_252' title='bbox 343 2361 476 2408; x_wconf 83' lang='lat' dir='ltr'>Syriae</span> <span class='ocrx_word' id='word_1_253' title='bbox 496 2374 530 2408; x_wconf 91' lang='lat' dir='ltr'>p.</span> <span class='ocrx_word' id='word_1_254' title='bbox 557 2362 603 2396; x_wconf 76' lang='lat'>80</span> <span class='ocrx_word' id='word_1_255' title='bbox 629 2374 706 2408; x_wconf 83' lang='lat' dir='ltr'>sqq.</span> <span class='ocrx_word' id='word_1_256' title='bbox 733 2367 769 2396; x_wconf 89' lang='lat' dir='ltr'>et</span> <span class='ocrx_word' id='word_1_257' title='bbox 794 2360 1079 2406; x_wconf 83' lang='lat' dir='ltr'>I’rolegomenis,</span> <span class='ocrx_word' id='word_1_258' title='bbox 1102 2359 1166 2394; x_wconf 87' lang='lat' dir='ltr'>nbi</span> <span class='ocrx_word' id='word_1_259' title='bbox 1186 2359 1308 2393; x_wconf 85' lang='lat' dir='ltr'>fontes</span> <span class='ocrx_word' id='word_1_260' title='bbox 1328 2369 1452 2393; x_wconf 82' lang='lat' dir='ltr'>omnes</span> <span class='ocrx_word' id='word_1_261' title='bbox 1472 2358 1608 2393; x_wconf 85' lang='lat' dir='ltr'>haben-</span> 
     </span>
     <span class='ocr_line' id='line_1_34' title="bbox 180 2415 1610 2463; baseline -0.003 -9"><span class='ocrx_word' id='word_1_262' title='bbox 180 2422 252 2454; x_wconf 84' lang='lat' dir='ltr'>tur.</span> <span class='ocrx_word' id='word_1_263' title='bbox 302 2418 486 2455; x_wconf 81' lang='lat' dir='ltr'>Vaillant.</span> <span class='ocrx_word' id='word_1_264' title='bbox 519 2419 616 2453; x_wconf 88' lang='lat' dir='ltr'>Ann.</span> <span class='ocrx_word' id='word_1_265' title='bbox 642 2420 770 2452; x_wconf 84' lang='lat' dir='ltr'>Arsac.</span> <span class='ocrx_word' id='word_1_266' title='bbox 806 2430 841 2463; x_wconf 89' lang='lat' dir='ltr'>p.</span> <span class='ocrx_word' id='word_1_267' title='bbox 869 2418 912 2452; x_wconf 82' lang='lat'>53</span> <span class='ocrx_word' id='word_1_268' title='bbox 938 2429 1015 2462; x_wconf 83' lang='lat' dir='ltr'>sqq.</span> <span class='ocrx_word' id='word_1_269' title='bbox 1042 2417 1299 2462; x_wconf 82' lang='lat' dir='ltr'>Longucrrue,</span> <span class='ocrx_word' id='word_1_270' title='bbox 1324 2415 1458 2450; x_wconf 87' lang='lat' dir='ltr'>Annal.</span> <span class='ocrx_word' id='word_1_271' title='bbox 1482 2416 1610 2449; x_wconf 82' lang='lat' dir='ltr'>Arsac-</span> 
     </span>
     <span class='ocr_line' id='line_1_35' title="bbox 180 2472 1611 2522; baseline -0.004 -11"><span class='ocrx_word' id='word_1_272' title='bbox 180 2487 215 2522; x_wconf 91' lang='lat' dir='ltr'>p.</span> <span class='ocrx_word' id='word_1_273' title='bbox 244 2477 298 2511; x_wconf 78' lang='lat'>12.</span> <span class='ocrx_word' id='word_1_274' title='bbox 324 2477 380 2512; x_wconf 85' lang='lat'>13.</span> <span class='ocrx_word' id='word_1_275' title='bbox 422 2476 479 2511; x_wconf 87' lang='lat' dir='ltr'>De</span> <span class='ocrx_word' id='word_1_276' title='bbox 503 2487 625 2511; x_wconf 82' lang='lat' dir='ltr'>errore</span> <span class='ocrx_word' id='word_1_277' title='bbox 650 2475 874 2510; x_wconf 85' lang='lat' dir='ltr'>Froehlichii</span> <span class='ocrx_word' id='word_1_278' title='bbox 892 2474 1023 2508; x_wconf 79' lang='lat' dir='ltr'>Annal.</span> <span class='ocrx_word' id='word_1_279' title='bbox 1041 2474 1121 2518; x_wconf 73' lang='lat' dir='ltr'>Syr.</span> <span class='ocrx_word' id='word_1_280' title='bbox 1143 2474 1186 2507; x_wconf 66' lang='lat'>82</span> <span class='ocrx_word' id='word_1_281' title='bbox 1205 2478 1241 2507; x_wconf 88' lang='lat' dir='ltr'>et</span> <span class='ocrx_word' id='word_1_282' title='bbox 1258 2472 1426 2517; x_wconf 81' lang='lat' dir='ltr'>l&#39;rolcgg.</span> <span class='ocrx_word' id='word_1_283' title='bbox 1441 2484 1474 2517; x_wconf 88' lang='lat' dir='ltr'>p.</span> <span class='ocrx_word' id='word_1_284' title='bbox 1495 2472 1539 2506; x_wconf 83' lang='lat'>45</span> <span class='ocrx_word' id='word_1_285' title='bbox 1561 2483 1611 2517; x_wconf 83' lang='lat' dir='ltr'>sq-</span> 
     </span>
     <span class='ocr_line' id='line_1_36' title="bbox 181 2529 1611 2576; baseline -0.005 -7"><span class='ocrx_word' id='word_1_286' title='bbox 181 2537 219 2569; x_wconf 82' lang='lat' dir='ltr'>et</span> <span class='ocrx_word' id='word_1_287' title='bbox 241 2533 413 2569; x_wconf 82' lang='lat' dir='ltr'>Eckhelii</span> <span class='ocrx_word' id='word_1_288' title='bbox 438 2533 593 2568; x_wconf 86' lang='lat' dir='ltr'>doctrin.</span> <span class='ocrx_word' id='word_1_289' title='bbox 621 2545 718 2568; x_wconf 88' lang='lat' dir='ltr'>num.</span> <span class='ocrx_word' id='word_1_290' title='bbox 743 2532 822 2575; x_wconf 75' lang='lat'>111,</span> <span class='ocrx_word' id='word_1_291' title='bbox 848 2532 926 2576; x_wconf 76' lang='lat'>235,</span> <span class='ocrx_word' id='word_1_292' title='bbox 953 2531 1014 2576; x_wconf 79' lang='lat' dir='ltr'>qui</span> <span class='ocrx_word' id='word_1_293' title='bbox 1047 2530 1269 2564; x_wconf 86' lang='lat' dir='ltr'>Antiochum</span> <span class='ocrx_word' id='word_1_294' title='bbox 1306 2534 1389 2575; x_wconf 87' lang='lat' dir='ltr'>post</span> <span class='ocrx_word' id='word_1_295' title='bbox 1422 2529 1515 2563; x_wconf 84' lang='lat' dir='ltr'>hanc</span> <span class='ocrx_word' id='word_1_296' title='bbox 1547 2540 1611 2574; x_wconf 91' lang='lat' dir='ltr'>pu-</span> 
     </span>
     <span class='ocr_line' id='line_1_37' title="bbox 180 2584 1609 2637; baseline -0.006 -11"><span class='ocrx_word' id='word_1_297' title='bbox 180 2601 293 2637; x_wconf 83' lang='lat' dir='ltr'>gnam</span> <span class='ocrx_word' id='word_1_298' title='bbox 320 2594 395 2626; x_wconf 79' lang='lat' dir='ltr'>tres</span> <span class='ocrx_word' id='word_1_299' title='bbox 426 2590 570 2626; x_wconf 86' lang='lat' dir='ltr'>circiter</span> <span class='ocrx_word' id='word_1_300' title='bbox 603 2600 720 2624; x_wconf 85' lang='lat' dir='ltr'>annos</span> <span class='ocrx_word' id='word_1_301' title='bbox 744 2589 876 2623; x_wconf 86' lang='lat' dir='ltr'>vixisse</span> <span class='ocrx_word' id='word_1_302' title='bbox 901 2593 937 2623; x_wconf 89' lang='lat' dir='ltr'>et</span> <span class='ocrx_word' id='word_1_303' title='bbox 961 2588 1059 2633; x_wconf 83' lang='lat' dir='ltr'>regis</span> <span class='ocrx_word' id='word_1_304' title='bbox 1082 2587 1189 2621; x_wconf 88' lang='lat' dir='ltr'>titulo</span> <span class='ocrx_word' id='word_1_305' title='bbox 1205 2586 1370 2633; x_wconf 80' lang='lat' dir='ltr'>gavisum</span> <span class='ocrx_word' id='word_1_306' title='bbox 1397 2596 1473 2620; x_wconf 80' lang='lat' dir='ltr'>esse</span> <span class='ocrx_word' id='word_1_307' title='bbox 1497 2584 1609 2632; x_wconf 86' lang='lat' dir='ltr'>conji·</span> 
     </span>
     <span class='ocr_line' id='line_1_38' title="bbox 180 2645 1103 2694; baseline -0.005 -10"><span class='ocrx_word' id='word_1_308' title='bbox 180 2648 294 2694; x_wconf 80' lang='lat' dir='ltr'>ciunt,</span> <span class='ocrx_word' id='word_1_309' title='bbox 318 2659 390 2683; x_wconf 89' lang='lat' dir='ltr'>non</span> <span class='ocrx_word' id='word_1_310' title='bbox 416 2647 605 2692; x_wconf 79' lang='lat' dir='ltr'>habemus,</span> <span class='ocrx_word' id='word_1_311' title='bbox 632 2658 698 2682; x_wconf 89' lang='lat' dir='ltr'>cur</span> <span class='ocrx_word' id='word_1_312' title='bbox 722 2646 796 2682; x_wconf 88' lang='lat' dir='ltr'>hoe</span> <span class='ocrx_word' id='word_1_313' title='bbox 820 2645 900 2682; x_wconf 87' lang='lat' dir='ltr'>loeo</span> <span class='ocrx_word' id='word_1_314' title='bbox 926 2645 1103 2680; x_wconf 84' lang='lat' dir='ltr'>dicamus.</span> 
     </span>
    </p>
   </div>
  </div>
 </body>
</html>
