<?xml version="1.0" encoding="UTF-8"?>
<!DOCTYPE html PUBLIC "-//W3C//DTD XHTML 1.0 Transitional//EN"
    "http://www.w3.org/TR/xhtml1/DTD/xhtml1-transitional.dtd">
<html xmlns="http://www.w3.org/1999/xhtml" xml:lang="en" lang="en">
 <head>
  <title>
</title>
<meta http-equiv="Content-Type" content="text/html;charset=utf-8" />
  <meta name='ocr-system' content='tesseract 3.04.00' />
  <meta name='ocr-capabilities' content='ocr_page ocr_carea ocr_par ocr_line ocrx_word'/>
</head>
<body>
  <div class='ocr_page' id='page_1' title='image "./deseleuciababylo00fabiuoft_0061.png"; bbox 0 0 1955 3262; ppageno 0'>
   <div class='ocr_carea' id='block_1_1' title="bbox 749 375 1033 421">
    <p class='ocr_par' dir='ltr' id='par_1_1' title="bbox 749 361 1033 421">
     <span class='ocr_line' id='line_1_1' title="bbox 749 375 1033 421; baseline -0.004 -11"><span class='ocrx_word' id='word_1_1' title='bbox 749 375 1033 421; x_wconf 48' lang='grc'>-554</span> 
     </span>
    </p>
   </div>
   <div class='ocr_carea' id='block_1_2' title="bbox 179 490 1624 1713">
    <p class='ocr_par' dir='ltr' id='par_1_2' title="bbox 179 490 1612 689">
     <span class='ocr_line' id='line_1_2' title="bbox 186 490 1612 551; baseline -0.01 -11"><span class='ocrx_word' id='word_1_2' title='bbox 186 491 464 551; x_wconf 71' lang='lat' dir='ltr'>occupaturos</span> <span class='ocrx_word' id='word_1_3' title='bbox 504 490 739 537; x_wconf 82' lang='lat' dir='ltr'>Seleuciam</span> <span class='ocrx_word' id='word_1_4' title='bbox 782 499 879 535; x_wconf 78' lang='lat' dir='ltr'>autc</span> <span class='ocrx_word' id='word_1_5' title='bbox 936 492 1078 534; x_wconf 87' lang='lat' dir='ltr'>omnia</span> <span class='ocrx_word' id='word_1_6' title='bbox 1125 501 1371 544; x_wconf 78' lang='lat' dir='ltr'>expugnare</span> <span class='ocrx_word' id='word_1_7' title='bbox 1412 492 1612 533; x_wconf 62' lang='lat' dir='ltr'>tentasse,</span> 
     </span>
     <span class='ocr_line' id='line_1_3' title="bbox 179 555 1612 619; baseline -0.009 -12"><span class='ocrx_word' id='word_1_8' title='bbox 179 562 305 619; x_wconf 64' lang='lat' dir='ltr'>=quod</span> <span class='ocrx_word' id='word_1_9' title='bbox 334 565 459 606; x_wconf 84' lang='lat' dir='ltr'>ctiam</span> <span class='ocrx_word' id='word_1_10' title='bbox 491 564 761 606; x_wconf 74' lang='lat' dir='ltr'>Ptolemaeus</span> <span class='ocrx_word' id='word_1_11' title='bbox 790 562 844 603; x_wconf 81' lang='lat' dir='ltr'>ad</span> <span class='ocrx_word' id='word_1_12' title='bbox 876 561 1109 604; x_wconf 73' lang='lat' dir='ltr'>Seleuciam</span> <span class='ocrx_word' id='word_1_13' title='bbox 1142 558 1391 613; x_wconf 78' lang='lat' dir='ltr'>capiendam</span> <span class='ocrx_word' id='word_1_14' title='bbox 1415 555 1612 597; x_wconf 68' lang='lat' dir='ltr'>interulis-</span> 
     </span>
     <span class='ocr_line' id='line_1_4' title="bbox 186 631 1008 689; baseline -0.007 -13"><span class='ocrx_word' id='word_1_15' title='bbox 186 639 364 689; x_wconf 78' lang='lat' dir='ltr'>set&#39;non</span> <span class='ocrx_word' id='word_1_16' title='bbox 395 639 519 685; x_wconf 85' lang='lat' dir='ltr'>esset,</span> <span class='ocrx_word' id='word_1_17' title='bbox 552 632 667 686; x_wconf 78' lang='lat' dir='ltr'>quod</span> <span class='ocrx_word' id='word_1_18' title='bbox 696 631 953 673; x_wconf 77' lang='lat' dir='ltr'>miraremur.</span> <span class='ocrx_word' id='word_1_19' title='bbox 1004 683 1008 686; x_wconf 24' lang='grc' dir='ltr'>ι</span> 
     </span>
    </p>

    <p class='ocr_par' dir='ltr' id='par_1_3' title="bbox 186 692 1624 1713">
     <span class='ocr_line' id='line_1_5' title="bbox 300 692 1611 755; baseline -0.009 -11.779"><span class='ocrx_word' id='word_1_20' title='bbox 300 702 397 743; x_wconf 84' lang='lat' dir='ltr'>Non</span> <span class='ocrx_word' id='word_1_21' title='bbox 428 700 565 755; x_wconf 83' lang='lat' dir='ltr'>magis</span> <span class='ocrx_word' id='word_1_22' title='bbox 597 701 763 748; x_wconf 65' lang='lat' dir='ltr'>scimus,</span> <span class='ocrx_word' id='word_1_23' title='bbox 795 698 962 752; x_wconf 82' lang='lat' dir='ltr'>qualem</span> <span class='ocrx_word' id='word_1_24' title='bbox 995 695 1283 738; x_wconf 73' lang='lat' dir='ltr'>corulicioiwiu</span> <span class='ocrx_word' id='word_1_25' title='bbox 1317 692 1504 734; x_wconf 80' lang='lat' dir='ltr'>habuerit</span> <span class='ocrx_word' id='word_1_26' title='bbox 1541 695 1611 732; x_wconf 63' lang='lat' dir='ltr'>Se-</span> 
     </span>
     <span class='ocr_line' id='line_1_6' title="bbox 188 760 1615 822; baseline -0.009 -10"><span class='ocrx_word' id='word_1_27' title='bbox 188 770 325 812; x_wconf 82' lang='lat' dir='ltr'>leucia</span> <span class='ocrx_word' id='word_1_28' title='bbox 355 770 403 812; x_wconf 75' lang='lat' dir='ltr'>iir</span> <span class='ocrx_word' id='word_1_29' title='bbox 429 770 499 811; x_wconf 75' lang='lat' dir='ltr'>illo</span> <span class='ocrx_word' id='word_1_30' title='bbox 531 769 662 819; x_wconf 82' lang='lat' dir='ltr'>bello,</span> <span class='ocrx_word' id='word_1_31' title='bbox 704 768 815 822; x_wconf 77' lang='lat' dir='ltr'>quod</span> <span class='ocrx_word' id='word_1_32' title='bbox 859 767 1061 809; x_wconf 81' lang='lat' dir='ltr'>Seleucus</span> <span class='ocrx_word' id='word_1_33' title='bbox 1107 763 1357 816; x_wconf 73' lang='lat' dir='ltr'>cognomine</span> <span class='ocrx_word' id='word_1_34' title='bbox 1391 760 1615 804; x_wconf 67' lang='lat' dir='ltr'>Callinicus</span> 
     </span>
     <span class='ocr_line' id='line_1_7' title="bbox 186 827 1616 882; baseline -0.01 -1"><span class='ocrx_word' id='word_1_35' title='bbox 186 839 351 882; x_wconf 64' lang='lat' dir='ltr'>nonna*</span> <span class='ocrx_word' id='word_1_36' title='bbox 375 837 819 880; x_wconf 76' lang='lat' dir='ltr'>orientis-defectores</span> <span class='ocrx_word' id='word_1_37' title='bbox 854 834 1103 877; x_wconf 70' lang='lat' dir='ltr'>Bactrianos</span> <span class='ocrx_word' id='word_1_38' title='bbox 1137 833 1229 873; x_wconf 66' lang='lat' dir='ltr'>dim»</span> <span class='ocrx_word' id='word_1_39' title='bbox 1263 839 1301 873; x_wconf 86' lang='lat' dir='ltr'>ct</span> <span class='ocrx_word' id='word_1_40' title='bbox 1334 830 1512 872; x_wconf 71' lang='lat' dir='ltr'>Parthos</span> <span class='ocrx_word' id='word_1_41' title='bbox 1543 827 1616 868; x_wconf 84' lang='lat' dir='ltr'>ini-</span> 
     </span>
     <span class='ocr_line' id='line_1_8' title="bbox 189 897 1615 962; baseline -0.009 -13"><span class='ocrx_word' id='word_1_42' title='bbox 189 907 254 950; x_wconf 79' lang='lat' dir='ltr'>tio³</span> <span class='ocrx_word' id='word_1_43' title='bbox 276 902 497 962; x_wconf 72' lang='lat' dir='ltr'>prospere,</span> <span class='ocrx_word' id='word_1_44' title='bbox 521 905 673 948; x_wconf 81' lang='lat' dir='ltr'>deinde</span> <span class='ocrx_word' id='word_1_45' title='bbox 704 912 844 947; x_wconf 87' lang='lat' dir='ltr'>autem</span> <span class='ocrx_word' id='word_1_46' title='bbox 877 904 989 945; x_wconf 83' lang='lat' dir='ltr'>male</span> <span class='ocrx_word' id='word_1_47' title='bbox 1022 902 1166 956; x_wconf 85' lang='lat' dir='ltr'>gessit.</span> <span class='ocrx_word' id='word_1_48' title='bbox 1184 902 1214 952; x_wconf 70' lang='grc' dir='ltr'>ἶ)</span> <span class='ocrx_word' id='word_1_49' title='bbox 1247 901 1353 941; x_wconf 87' lang='lat' dir='ltr'>Tum</span> <span class='ocrx_word' id='word_1_50' title='bbox 1403 897 1511 939; x_wconf 86' lang='lat' dir='ltr'>enim</span> <span class='ocrx_word' id='word_1_51' title='bbox 1545 899 1615 937; x_wconf 73' lang='lat' dir='ltr'>Se-</span> 
     </span>
     <span class='ocr_line' id='line_1_9' title="bbox 187 964 1617 1028; baseline -0.01 -10"><span class='ocrx_word' id='word_1_52' title='bbox 187 971 382 1019; x_wconf 81' lang='lat' dir='ltr'>leucidae</span> <span class='ocrx_word' id='word_1_53' title='bbox 399 974 583 1028; x_wconf 84' lang='lat' dir='ltr'>undique</span> <span class='ocrx_word' id='word_1_54' title='bbox 608 974 661 1015; x_wconf 87' lang='lat' dir='ltr'>ab</span> <span class='ocrx_word' id='word_1_55' title='bbox 676 973 864 1015; x_wconf 84' lang='lat' dir='ltr'>hostibus</span> <span class='ocrx_word' id='word_1_56' title='bbox 891 970 1074 1013; x_wconf 78' lang='lat' dir='ltr'>infestati</span> <span class='ocrx_word' id='word_1_57' title='bbox 1097 974 1323 1016; x_wconf 79' lang='lat' dir='ltr'>certavere,</span> <span class='ocrx_word' id='word_1_58' title='bbox 1353 971 1397 1008; x_wconf 84' lang='lat' dir='ltr'>ut</span> <span class='ocrx_word' id='word_1_59' title='bbox 1415 964 1617 1018; x_wconf 80' lang='lat' dir='ltr'>quidquid</span> 
     </span>
     <span class='ocr_line' id='line_1_10' title="bbox 190 1033 1616 1098; baseline -0.011 -11"><span class='ocrx_word' id='word_1_60' title='bbox 190 1044 443 1098; x_wconf 80' lang='lat' dir='ltr'>amisissent,</span> <span class='ocrx_word' id='word_1_61' title='bbox 475 1043 709 1097; x_wconf 76' lang='lat' dir='ltr'>reciperent</span> <span class='ocrx_word' id='word_1_62' title='bbox 747 1041 889 1094; x_wconf 83' lang='lat' dir='ltr'>itaque</span> <span class='ocrx_word' id='word_1_63' title='bbox 929 1053 1107 1094; x_wconf 84' lang='lat' dir='ltr'>regnum</span> <span class='ocrx_word' id='word_1_64' title='bbox 1138 1039 1178 1079; x_wconf 89' lang='lat' dir='ltr'>iu</span> <span class='ocrx_word' id='word_1_65' title='bbox 1210 1042 1365 1078; x_wconf 87' lang='lat' dir='ltr'>statum</span> <span class='ocrx_word' id='word_1_66' title='bbox 1399 1033 1616 1089; x_wconf 82' lang='lat' dir='ltr'>pristinum</span> 
     </span>
     <span class='ocr_line' id='line_1_11' title="bbox 189 1104 1617 1168; baseline -0.011 -12"><span class='ocrx_word' id='word_1_67' title='bbox 189 1112 448 1168; x_wconf 73' lang='lat' dir='ltr'>redigerent.</span> <span class='ocrx_word' id='word_1_68' title='bbox 508 1110 633 1161; x_wconf 80' lang='lat' dir='ltr'>Quod</span> <span class='ocrx_word' id='word_1_69' title='bbox 668 1114 713 1151; x_wconf 82' lang='lat' dir='ltr'>ut</span> <span class='ocrx_word' id='word_1_70' title='bbox 752 1110 841 1151; x_wconf 76' lang='lat' dir='ltr'>lieri</span> <span class='ocrx_word' id='word_1_71' title='bbox 881 1113 1025 1163; x_wconf 83' lang='lat' dir='ltr'>posset</span> <span class='ocrx_word' id='word_1_72' title='bbox 1053 1107 1254 1148; x_wconf 70' lang='lat' dir='ltr'>Seleucus</span> <span class='ocrx_word' id='word_1_73' title='bbox 1271 1104 1500 1155; x_wconf 78' lang='lat' dir='ltr'>Ceraunus,</span> <span class='ocrx_word' id='word_1_74' title='bbox 1525 1115 1617 1143; x_wconf 89' lang='lat' dir='ltr'>cum</span> 
     </span>
     <span class='ocr_line' id='line_1_12' title="bbox 194 1169 1619 1237; baseline -0.01 -15"><span class='ocrx_word' id='word_1_75' title='bbox 194 1181 286 1237; x_wconf 86' lang='lat' dir='ltr'>ipse</span> <span class='ocrx_word' id='word_1_76' title='bbox 310 1186 458 1224; x_wconf 84' lang='lat' dir='ltr'>contra</span> <span class='ocrx_word' id='word_1_77' title='bbox 488 1179 704 1227; x_wconf 82' lang='lat' dir='ltr'>Attalum,</span> <span class='ocrx_word' id='word_1_78' title='bbox 746 1179 1106 1231; x_wconf 77' lang='lat' dir='ltr'>Pergamenorum</span> <span class='ocrx_word' id='word_1_79' title='bbox 1138 1187 1293 1228; x_wconf 79' lang='lat' dir='ltr'>regem,</span> <span class='ocrx_word' id='word_1_80' title='bbox 1326 1185 1450 1224; x_wconf 80' lang='lat' dir='ltr'>quem</span> <span class='ocrx_word' id='word_1_81' title='bbox 1482 1169 1619 1211; x_wconf 85' lang='lat' dir='ltr'>omnia</span> 
     </span>
     <span class='ocr_line' id='line_1_13' title="bbox 198 1237 1620 1294; baseline -0.011 -1"><span class='ocrx_word' id='word_1_82' title='bbox 198 1250 304 1293; x_wconf 74' lang='lat' dir='ltr'>eitra</span> <span class='ocrx_word' id='word_1_83' title='bbox 335 1250 526 1292; x_wconf 80' lang='lat' dir='ltr'>Taurum</span> <span class='ocrx_word' id='word_1_84' title='bbox 557 1252 741 1289; x_wconf 83' lang='lat' dir='ltr'>montem</span> <span class='ocrx_word' id='word_1_85' title='bbox 770 1246 861 1288; x_wconf 89' lang='lat' dir='ltr'>loca</span> <span class='ocrx_word' id='word_1_86' title='bbox 893 1257 996 1287; x_wconf 86' lang='lat' dir='ltr'>suae</span> <span class='ocrx_word' id='word_1_87' title='bbox 1023 1243 1175 1285; x_wconf 88' lang='lat' dir='ltr'>dicioni</span> <span class='ocrx_word' id='word_1_88' title='bbox 1195 1241 1423 1294; x_wconf 58' lang='lat' dir='ltr'>subjecisse</span> <span class='ocrx_word' id='word_1_89' title='bbox 1452 1237 1620 1279; x_wconf 74' lang='lat' dir='ltr'>audive-</span> 
     </span>
     <span class='ocr_line' id='line_1_14' title="bbox 192 1306 1621 1374; baseline -0.012 -12"><span class='ocrx_word' id='word_1_90' title='bbox 192 1322 273 1374; x_wconf 82' lang='lat' dir='ltr'>rat,</span> <span class='ocrx_word' id='word_1_91' title='bbox 299 1322 441 1361; x_wconf 85' lang='lat' dir='ltr'>castra</span> <span class='ocrx_word' id='word_1_92' title='bbox 470 1323 671 1369; x_wconf 78' lang='lat' dir='ltr'>moveret,</span> <span class='ocrx_word' id='word_1_93' title='bbox 705 1316 877 1356; x_wconf 71' lang='lat' dir='ltr'>fratrem</span> <span class='ocrx_word' id='word_1_94' title='bbox 909 1312 1161 1354; x_wconf 84' lang='lat' dir='ltr'>Antiochum</span> <span class='ocrx_word' id='word_1_95' title='bbox 1186 1310 1240 1351; x_wconf 84' lang='lat' dir='ltr'>ad</span> <span class='ocrx_word' id='word_1_96' title='bbox 1258 1308 1474 1363; x_wconf 77' lang='lat' dir='ltr'>superiora</span> <span class='ocrx_word' id='word_1_97' title='bbox 1495 1306 1621 1347; x_wconf 70' lang='lat' dir='ltr'>Asiae</span> 
     </span>
     <span class='ocr_line' id='line_1_15' title="bbox 192 1375 1621 1442; baseline -0.011 -13"><span class='ocrx_word' id='word_1_98' title='bbox 192 1386 330 1442; x_wconf 78' lang='lat' dir='ltr'>misit,</span> <span class='ocrx_word' id='word_1_99' title='bbox 361 1386 433 1439; x_wconf 91' lang='lat' dir='ltr'>qui</span> <span class='ocrx_word' id='word_1_100' title='bbox 460 1386 750 1440; x_wconf 74' lang='lat' dir='ltr'>praefecturas</span> <span class='ocrx_word' id='word_1_101' title='bbox 782 1381 1008 1424; x_wconf 77' lang='lat' dir='ltr'>orientales</span> <span class='ocrx_word' id='word_1_102' title='bbox 1041 1388 1252 1422; x_wconf 80' lang='lat' dir='ltr'>coerceret</span> <span class='ocrx_word' id='word_1_103' title='bbox 1279 1388 1437 1428; x_wconf 81' lang='lat' dir='ltr'>easque</span> <span class='ocrx_word' id='word_1_104' title='bbox 1465 1388 1490 1415; x_wconf 91' lang='lat' dir='ltr'>a</span> <span class='ocrx_word' id='word_1_105' title='bbox 1524 1375 1621 1414; x_wconf 81' lang='lat' dir='ltr'>Par-</span> 
     </span>
     <span class='ocr_line' id='line_1_16' title="bbox 193 1444 1623 1499; baseline -0.012 -1"><span class='ocrx_word' id='word_1_106' title='bbox 193 1455 363 1498; x_wconf 79' lang='lat' dir='ltr'>thorum</span> <span class='ocrx_word' id='word_1_107' title='bbox 394 1459 450 1496; x_wconf 88' lang='lat' dir='ltr'>et</span> <span class='ocrx_word' id='word_1_108' title='bbox 493 1452 813 1495; x_wconf 81' lang='lat' dir='ltr'>Bactrianorum</span> <span class='ocrx_word' id='word_1_109' title='bbox 852 1448 1160 1492; x_wconf 76' lang='lat' dir='ltr'>incursionibus</span> <span class='ocrx_word' id='word_1_110' title='bbox 1174 1452 1206 1499; x_wconf 54' lang='lat'>³)</span> <span class='ocrx_word' id='word_1_111' title='bbox 1235 1444 1489 1488; x_wconf 74' lang='lat' dir='ltr'>defenderet.</span> <span class='ocrx_word' id='word_1_112' title='bbox 1550 1445 1623 1482; x_wconf 70' lang='lat' dir='ltr'>Se-</span> 
     </span>
     <span class='ocr_line' id='line_1_17' title="bbox 194 1510 1624 1567; baseline -0.012 0"><span class='ocrx_word' id='word_1_113' title='bbox 194 1524 292 1567; x_wconf 84' lang='lat' dir='ltr'>dem</span> <span class='ocrx_word' id='word_1_114' title='bbox 322 1522 416 1566; x_wconf 77' lang='lat' dir='ltr'>sine</span> <span class='ocrx_word' id='word_1_115' title='bbox 440 1521 566 1564; x_wconf 86' lang='lat' dir='ltr'>dubio</span> <span class='ocrx_word' id='word_1_116' title='bbox 597 1533 647 1563; x_wconf 88' lang='lat' dir='ltr'>ac</span> <span class='ocrx_word' id='word_1_117' title='bbox 691 1518 946 1561; x_wconf 85' lang='lat' dir='ltr'>domicilium</span> <span class='ocrx_word' id='word_1_118' title='bbox 981 1516 1201 1559; x_wconf 76' lang='lat' dir='ltr'>Seleuciae</span> <span class='ocrx_word' id='word_1_119' title='bbox 1237 1512 1449 1557; x_wconf 82' lang='lat' dir='ltr'>constituit</span> <span class='ocrx_word' id='word_1_120' title='bbox 1478 1510 1624 1552; x_wconf 79' lang='lat' dir='ltr'>Antio-</span> 
     </span>
     <span class='ocr_line' id='line_1_18' title="bbox 193 1579 1621 1645; baseline -0.013 -10"><span class='ocrx_word' id='word_1_121' title='bbox 193 1593 320 1645; x_wconf 83' lang='lat' dir='ltr'>chus,</span> <span class='ocrx_word' id='word_1_122' title='bbox 361 1591 415 1633; x_wconf 92' lang='lat' dir='ltr'>de</span> <span class='ocrx_word' id='word_1_123' title='bbox 457 1602 544 1644; x_wconf 82' lang='lat' dir='ltr'>qua</span> <span class='ocrx_word' id='word_1_124' title='bbox 572 1589 676 1630; x_wconf 85' lang='lat' dir='ltr'>urbe</span> <span class='ocrx_word' id='word_1_125' title='bbox 707 1587 886 1630; x_wconf 85' lang='lat' dir='ltr'>Seleuco</span> <span class='ocrx_word' id='word_1_126' title='bbox 920 1586 1113 1628; x_wconf 88' lang='lat' dir='ltr'>Cerauno</span> <span class='ocrx_word' id='word_1_127' title='bbox 1143 1597 1167 1626; x_wconf 87' lang='lat' dir='ltr'>a</span> <span class='ocrx_word' id='word_1_128' title='bbox 1197 1583 1409 1625; x_wconf 78' lang='lat' dir='ltr'>Nicanore</span> <span class='ocrx_word' id='word_1_129' title='bbox 1441 1579 1621 1632; x_wconf 80' lang='lat' dir='ltr'>quodam</span> 
     </span>
     <span class='ocr_line' id='line_1_19' title="bbox 197 1639 1623 1713; baseline -0.011 -9"><span class='ocrx_word' id='word_1_130' title='bbox 197 1665 241 1704; x_wconf 84' lang='lat' dir='ltr'>et</span> <span class='ocrx_word' id='word_1_131' title='bbox 267 1661 299 1702; x_wconf 66' lang='grc' dir='ltr'>α’</span> <span class='ocrx_word' id='word_1_132' title='bbox 321 1659 446 1703; x_wconf 86' lang='lat' dir='ltr'>Gallo</span> <span class='ocrx_word' id='word_1_133' title='bbox 478 1657 684 1713; x_wconf 87' lang='lat' dir='ltr'>Apaturio</span> <span class='ocrx_word' id='word_1_134' title='bbox 717 1655 926 1698; x_wconf 88' lang='lat' dir='ltr'>trucidato</span> <span class='ocrx_word' id='word_1_135' title='bbox 955 1654 1008 1696; x_wconf 86' lang='lat' dir='ltr'>ab</span> <span class='ocrx_word' id='word_1_136' title='bbox 1042 1651 1229 1695; x_wconf 81' lang='lat' dir='ltr'>exercitu</span> <span class='ocrx_word' id='word_1_137' title='bbox 1260 1639 1480 1692; x_wconf 75' lang='lat' dir='ltr'>revocatus</span> <span class='ocrx_word' id='word_1_138' title='bbox 1510 1650 1623 1696; x_wconf 77' lang='lat' dir='ltr'>est.²⁴)</span> 
     </span>
    </p>
   </div>
   <div class='ocr_carea' id='block_1_3' title="bbox 211 1743 482 1749">
    <p class='ocr_par' dir='ltr' id='par_1_4' title="bbox 211 1743 482 1749">
     <span class='ocr_line' id='line_1_20' title="bbox 211 1743 482 1749; baseline 0 0"><span class='ocrx_word' id='word_1_139' title='bbox 211 1743 482 1749; x_wconf 95' lang='lat' dir='ltr'> </span> 
     </span>
    </p>
   </div>
   <div class='ocr_carea' id='block_1_4' title="bbox 199 1759 1635 2851">
    <p class='ocr_par' dir='ltr' id='par_1_5' title="bbox 199 1759 1628 2337">
     <span class='ocr_line' id='line_1_21' title="bbox 292 1759 1624 1821; baseline -0.012 -12"><span class='ocrx_word' id='word_1_140' title='bbox 292 1773 329 1821; x_wconf 79' lang='grc'>7)</span> <span class='ocrx_word' id='word_1_141' title='bbox 354 1773 491 1809; x_wconf 82' lang='lat' dir='ltr'>Justin.</span> <span class='ocrx_word' id='word_1_142' title='bbox 516 1771 620 1815; x_wconf 80' lang='lat' dir='ltr'>XLI,</span> <span class='ocrx_word' id='word_1_143' title='bbox 644 1771 676 1814; x_wconf 81' lang='lat'>4,</span> <span class='ocrx_word' id='word_1_144' title='bbox 701 1770 824 1805; x_wconf 76' lang='lat'>8-10.</span> <span class='ocrx_word' id='word_1_145' title='bbox 852 1768 900 1802; x_wconf 83' lang='lat' dir='ltr'>cf.</span> <span class='ocrx_word' id='word_1_146' title='bbox 927 1766 1100 1802; x_wconf 86' lang='lat' dir='ltr'>Strabon.</span> <span class='ocrx_word' id='word_1_147' title='bbox 1134 1763 1202 1807; x_wconf 84' lang='lat' dir='ltr'>XI,</span> <span class='ocrx_word' id='word_1_148' title='bbox 1227 1763 1305 1797; x_wconf 74' lang='lat'>513.</span> <span class='ocrx_word' id='word_1_149' title='bbox 1344 1761 1476 1807; x_wconf 73' lang='lat' dir='ltr'>Polyb.</span> <span class='ocrx_word' id='word_1_150' title='bbox 1503 1759 1552 1804; x_wconf 92' lang='lat' dir='ltr'>X,</span> <span class='ocrx_word' id='word_1_151' title='bbox 1577 1760 1624 1793; x_wconf 79' lang='lat'>48</span> 
     </span>
     <span class='ocr_line' id='line_1_22' title="bbox 199 1817 1626 1875; baseline -0.013 -8"><span class='ocrx_word' id='word_1_152' title='bbox 199 1830 377 1875; x_wconf 82' lang='lat' dir='ltr'>Niebuhr,</span> <span class='ocrx_word' id='word_1_153' title='bbox 401 1830 461 1865; x_wconf 84' lang='lat' dir='ltr'>Kl.</span> <span class='ocrx_word' id='word_1_154' title='bbox 487 1828 572 1863; x_wconf 84' lang='lat' dir='ltr'>hist.</span> <span class='ocrx_word' id='word_1_155' title='bbox 599 1828 675 1862; x_wconf 87' lang='lat' dir='ltr'>und</span> <span class='ocrx_word' id='word_1_156' title='bbox 703 1825 829 1874; x_wconf 86' lang='lat' dir='ltr'>philol.</span> <span class='ocrx_word' id='word_1_157' title='bbox 857 1823 1006 1859; x_wconf 81' lang='lat' dir='ltr'>Schrift.</span> <span class='ocrx_word' id='word_1_158' title='bbox 1034 1823 1068 1856; x_wconf 92' lang='lat' dir='ltr'>I.</span> <span class='ocrx_word' id='word_1_159' title='bbox 1096 1821 1242 1857; x_wconf 86' lang='lat' dir='ltr'>Samml.</span> <span class='ocrx_word' id='word_1_160' title='bbox 1265 1832 1299 1865; x_wconf 92' lang='lat' dir='ltr'>p.</span> <span class='ocrx_word' id='word_1_161' title='bbox 1327 1820 1404 1854; x_wconf 74' lang='lat'>300.</span> <span class='ocrx_word' id='word_1_162' title='bbox 1452 1817 1626 1852; x_wconf 79' lang='lat' dir='ltr'>Seleucus</span> 
     </span>
     <span class='ocr_line' id='line_1_23' title="bbox 199 1878 1624 1933; baseline -0.013 -9"><span class='ocrx_word' id='word_1_163' title='bbox 199 1888 412 1930; x_wconf 83' lang='lat' dir='ltr'>Callinicus,</span> <span class='ocrx_word' id='word_1_164' title='bbox 425 1890 583 1933; x_wconf 83' lang='lat' dir='ltr'>quocum</span> <span class='ocrx_word' id='word_1_165' title='bbox 593 1885 807 1920; x_wconf 84' lang='lat' dir='ltr'>Theodotus</span> <span class='ocrx_word' id='word_1_166' title='bbox 815 1881 1096 1917; x_wconf 83' lang='lat' dir='ltr'>Bactrianorum</span> <span class='ocrx_word' id='word_1_167' title='bbox 1110 1889 1172 1913; x_wconf 86' lang='lat' dir='ltr'>rex</span> <span class='ocrx_word' id='word_1_168' title='bbox 1188 1878 1268 1923; x_wconf 85' lang='lat' dir='ltr'>conj</span> <span class='ocrx_word' id='word_1_169' title='bbox 1275 1880 1406 1910; x_wconf 87' lang='lat' dir='ltr'>unctus</span> <span class='ocrx_word' id='word_1_170' title='bbox 1415 1880 1481 1916; x_wconf 79' lang='lat' dir='ltr'>est,</span> <span class='ocrx_word' id='word_1_171' title='bbox 1497 1878 1624 1908; x_wconf 80' lang='lat' dir='ltr'>contra</span> 
     </span>
     <span class='ocr_line' id='line_1_24' title="bbox 199 1931 1626 1988; baseline -0.013 -7"><span class='ocrx_word' id='word_1_172' title='bbox 199 1945 360 1982; x_wconf 81' lang='lat' dir='ltr'>Parthos</span> <span class='ocrx_word' id='word_1_173' title='bbox 384 1954 484 1979; x_wconf 89' lang='lat' dir='ltr'>arma</span> <span class='ocrx_word' id='word_1_174' title='bbox 510 1947 642 1985; x_wconf 82' lang='lat' dir='ltr'>movet,</span> <span class='ocrx_word' id='word_1_175' title='bbox 668 1952 824 1988; x_wconf 86' lang='lat' dir='ltr'>quorum</span> <span class='ocrx_word' id='word_1_176' title='bbox 848 1950 910 1974; x_wconf 78' lang='lat' dir='ltr'>rex</span> <span class='ocrx_word' id='word_1_177' title='bbox 935 1938 1094 1972; x_wconf 82' lang='lat' dir='ltr'>Arsaces</span> <span class='ocrx_word' id='word_1_178' title='bbox 1116 1935 1165 1970; x_wconf 87' lang='lat'>11.</span> <span class='ocrx_word' id='word_1_179' title='bbox 1191 1935 1238 1969; x_wconf 86' lang='lat' dir='ltr'>ad</span> <span class='ocrx_word' id='word_1_180' title='bbox 1252 1934 1363 1968; x_wconf 83' lang='lat' dir='ltr'>Sacas</span> <span class='ocrx_word' id='word_1_181' title='bbox 1388 1943 1450 1966; x_wconf 88' lang='lat' dir='ltr'>seu</span> <span class='ocrx_word' id='word_1_182' title='bbox 1469 1931 1626 1975; x_wconf 77' lang='lat' dir='ltr'>Scythas</span> 
     </span>
     <span class='ocr_line' id='line_1_25' title="bbox 203 1989 1628 2049; baseline -0.013 -11"><span class='ocrx_word' id='word_1_183' title='bbox 203 2002 427 2049; x_wconf 80' lang='lat' dir='ltr'>Aspasiacas</span> <span class='ocrx_word' id='word_1_184' title='bbox 451 2005 552 2036; x_wconf 82' lang='lat' dir='ltr'>me&#39;tu</span> <span class='ocrx_word' id='word_1_185' title='bbox 577 1999 719 2035; x_wconf 78' lang='lat' dir='ltr'>Seleuci</span> <span class='ocrx_word' id='word_1_186' title='bbox 741 1997 850 2043; x_wconf 79' lang='lat' dir='ltr'>fugit.</span> <span class='ocrx_word' id='word_1_187' title='bbox 878 1994 1010 2030; x_wconf 88' lang='lat' dir='ltr'>Paullo</span> <span class='ocrx_word' id='word_1_188' title='bbox 1034 1999 1156 2028; x_wconf 86' lang='lat' dir='ltr'>autem</span> <span class='ocrx_word' id='word_1_189' title='bbox 1179 1996 1263 2037; x_wconf 88' lang='lat' dir='ltr'>post</span> <span class='ocrx_word' id='word_1_190' title='bbox 1277 1989 1512 2024; x_wconf 85' lang='lat' dir='ltr'>Theodotum</span> <span class='ocrx_word' id='word_1_191' title='bbox 1535 1998 1628 2021; x_wconf 91' lang='lat' dir='ltr'>mor-</span> 
     </span>
     <span class='ocr_line' id='line_1_26' title="bbox 202 2043 1627 2101; baseline -0.014 -4"><span class='ocrx_word' id='word_1_192' title='bbox 202 2066 306 2096; x_wconf 88' lang='lat' dir='ltr'>tuum</span> <span class='ocrx_word' id='word_1_193' title='bbox 337 2061 494 2095; x_wconf 81' lang='lat' dir='ltr'>Arsaces</span> <span class='ocrx_word' id='word_1_194' title='bbox 528 2069 612 2092; x_wconf 89' lang='lat' dir='ltr'>cum</span> <span class='ocrx_word' id='word_1_195' title='bbox 641 2057 722 2101; x_wconf 84' lang='lat' dir='ltr'>ejus</span> <span class='ocrx_word' id='word_1_196' title='bbox 755 2054 832 2090; x_wconf 84' lang='lat' dir='ltr'>filio</span> <span class='ocrx_word' id='word_1_197' title='bbox 864 2052 1058 2090; x_wconf 83' lang='lat' dir='ltr'>Theodoto</span> <span class='ocrx_word' id='word_1_198' title='bbox 1083 2050 1214 2085; x_wconf 85' lang='lat' dir='ltr'>foedus</span> <span class='ocrx_word' id='word_1_199' title='bbox 1239 2060 1281 2082; x_wconf 86' lang='lat' dir='ltr'>ac</span> <span class='ocrx_word' id='word_1_200' title='bbox 1307 2058 1435 2092; x_wconf 86' lang='lat' dir='ltr'>pacem</span> <span class='ocrx_word' id='word_1_201' title='bbox 1457 2044 1548 2079; x_wconf 85' lang='lat' dir='ltr'>facit</span> <span class='ocrx_word' id='word_1_202' title='bbox 1572 2043 1627 2078; x_wconf 89' lang='lat' dir='ltr'>fu-</span> 
     </span>
     <span class='ocr_line' id='line_1_27' title="bbox 201 2101 1628 2165; baseline -0.015 -10"><span class='ocrx_word' id='word_1_203' title='bbox 201 2122 342 2165; x_wconf 84' lang='lat' dir='ltr'>gatque</span> <span class='ocrx_word' id='word_1_204' title='bbox 373 2116 577 2154; x_wconf 83' lang='lat' dir='ltr'>Seleucum.</span> <span class='ocrx_word' id='word_1_205' title='bbox 627 2113 822 2149; x_wconf 75' lang='lat' dir='ltr'>Seleucum</span> <span class='ocrx_word' id='word_1_206' title='bbox 849 2110 897 2145; x_wconf 85' lang='lat' dir='ltr'>ab</span> <span class='ocrx_word' id='word_1_207' title='bbox 923 2111 1061 2144; x_wconf 83' lang='lat' dir='ltr'>Arsace</span> <span class='ocrx_word' id='word_1_208' title='bbox 1094 2118 1166 2141; x_wconf 85' lang='lat' dir='ltr'>non</span> <span class='ocrx_word' id='word_1_209' title='bbox 1189 2117 1266 2141; x_wconf 73' lang='lat' dir='ltr'>esse</span> <span class='ocrx_word' id='word_1_210' title='bbox 1295 2110 1443 2149; x_wconf 85' lang='lat' dir='ltr'>captum</span> <span class='ocrx_word' id='word_1_211' title='bbox 1469 2101 1628 2136; x_wconf 78' lang='lat' dir='ltr'>Niebuh-</span> 
     </span>
     <span class='ocr_line' id='line_1_28' title="bbox 201 2158 1628 2213; baseline -0.014 -2"><span class='ocrx_word' id='word_1_212' title='bbox 201 2176 279 2210; x_wconf 81' lang='lat' dir='ltr'>rius</span> <span class='ocrx_word' id='word_1_213' title='bbox 312 2175 336 2209; x_wconf 96' lang='lat' dir='ltr'>l.</span> <span class='ocrx_word' id='word_1_214' title='bbox 377 2174 401 2209; x_wconf 90' lang='lat' dir='ltr'>l.</span> <span class='ocrx_word' id='word_1_215' title='bbox 435 2178 472 2209; x_wconf 86' lang='lat' dir='ltr'>et</span> <span class='ocrx_word' id='word_1_216' title='bbox 505 2171 673 2207; x_wconf 82' lang='lat' dir='ltr'>Flathius</span> <span class='ocrx_word' id='word_1_217' title='bbox 704 2174 793 2204; x_wconf 85' lang='lat' dir='ltr'>tom.</span> <span class='ocrx_word' id='word_1_218' title='bbox 826 2168 881 2211; x_wconf 87' lang='lat' dir='ltr'>II,</span> <span class='ocrx_word' id='word_1_219' title='bbox 908 2179 943 2213; x_wconf 90' lang='lat' dir='ltr'>p.</span> <span class='ocrx_word' id='word_1_220' title='bbox 969 2166 1035 2200; x_wconf 73' lang='lat'>219</span> <span class='ocrx_word' id='word_1_221' title='bbox 1062 2164 1310 2200; x_wconf 82' lang='lat' dir='ltr'>ostenderunt.</span> <span class='ocrx_word' id='word_1_222' title='bbox 1359 2161 1402 2195; x_wconf 90' lang='lat' dir='ltr'>In</span> <span class='ocrx_word' id='word_1_223' title='bbox 1426 2169 1521 2193; x_wconf 86' lang='lat' dir='ltr'>anno</span> <span class='ocrx_word' id='word_1_224' title='bbox 1548 2158 1628 2203; x_wconf 84' lang='lat' dir='ltr'>ipso</span> 
     </span>
     <span class='ocr_line' id='line_1_29' title="bbox 202 2216 1628 2280; baseline -0.014 -11"><span class='ocrx_word' id='word_1_225' title='bbox 202 2242 360 2280; x_wconf 79' lang='lat' dir='ltr'>magnae</span> <span class='ocrx_word' id='word_1_226' title='bbox 384 2234 471 2266; x_wconf 82' lang='lat' dir='ltr'>sunt</span> <span class='ocrx_word' id='word_1_227' title='bbox 495 2228 744 2265; x_wconf 83' lang='lat' dir='ltr'>difficultates.</span> <span class='ocrx_word' id='word_1_228' title='bbox 794 2226 927 2271; x_wconf 77' lang='lat' dir='ltr'>Bayer.</span> <span class='ocrx_word' id='word_1_229' title='bbox 959 2223 1065 2268; x_wconf 74' lang='lat' dir='ltr'>„his-t.</span> <span class='ocrx_word' id='word_1_230' title='bbox 1096 2221 1200 2267; x_wconf 83' lang='lat' dir='ltr'>regni</span> <span class='ocrx_word' id='word_1_231' title='bbox 1230 2218 1419 2254; x_wconf 74' lang='lat' dir='ltr'>Bactriani</span> <span class='ocrx_word' id='word_1_232' title='bbox 1448 2229 1482 2262; x_wconf 87' lang='lat' dir='ltr'>p.</span> <span class='ocrx_word' id='word_1_233' title='bbox 1507 2216 1550 2250; x_wconf 85' lang='lat'>59</span> <span class='ocrx_word' id='word_1_234' title='bbox 1577 2227 1628 2260; x_wconf 84' lang='lat' dir='ltr'>sq.</span> 
     </span>
     <span class='ocr_line' id='line_1_30' title="bbox 203 2278 1202 2337; baseline -0.013 -11"><span class='ocrx_word' id='word_1_235' title='bbox 203 2289 421 2337; x_wconf 78' lang='lat' dir='ltr'>quaestione</span> <span class='ocrx_word' id='word_1_236' title='bbox 444 2287 615 2323; x_wconf 80' lang='lat' dir='ltr'>instituta</span> <span class='ocrx_word' id='word_1_237' title='bbox 639 2285 778 2320; x_wconf 86' lang='lat' dir='ltr'>invenit</span> <span class='ocrx_word' id='word_1_238' title='bbox 803 2294 938 2317; x_wconf 83' lang='lat' dir='ltr'>annum</span> <span class='ocrx_word' id='word_1_239' title='bbox 964 2281 1031 2316; x_wconf 68' lang='lat'>240</span> <span class='ocrx_word' id='word_1_240' title='bbox 1056 2291 1087 2314; x_wconf 88' lang='lat' dir='ltr'>a.</span> <span class='ocrx_word' id='word_1_241' title='bbox 1118 2278 1202 2314; x_wconf 88' lang='lat' dir='ltr'>Chr.</span> 
     </span>
    </p>

    <p class='ocr_par' dir='ltr' id='par_1_6' title="bbox 203 2328 1635 2738">
     <span class='ocr_line' id='line_1_31' title="bbox 294 2328 1631 2392; baseline -0.014 -10"><span class='ocrx_word' id='word_1_242' title='bbox 294 2347 331 2392; x_wconf 94' lang='lat'>8)</span> <span class='ocrx_word' id='word_1_243' title='bbox 355 2346 414 2382; x_wconf 90' lang='lat' dir='ltr'>De</span> <span class='ocrx_word' id='word_1_244' title='bbox 438 2345 553 2380; x_wconf 84' lang='lat' dir='ltr'>initiis</span> <span class='ocrx_word' id='word_1_245' title='bbox 574 2343 857 2378; x_wconf 82' lang='lat' dir='ltr'>Bactrianorum</span> <span class='ocrx_word' id='word_1_246' title='bbox 878 2345 913 2375; x_wconf 91' lang='lat' dir='ltr'>et</span> <span class='ocrx_word' id='word_1_247' title='bbox 940 2337 1162 2373; x_wconf 86' lang='lat' dir='ltr'>Parthorum</span> <span class='ocrx_word' id='word_1_248' title='bbox 1187 2347 1219 2368; x_wconf 92' lang='lat' dir='ltr'>v.</span> <span class='ocrx_word' id='word_1_249' title='bbox 1244 2335 1374 2379; x_wconf 83' lang='lat' dir='ltr'>Bayer.</span> <span class='ocrx_word' id='word_1_250' title='bbox 1402 2331 1507 2375; x_wconf 62' lang='lat' dir='ltr'>„hist</span> <span class='ocrx_word' id='word_1_251' title='bbox 1529 2328 1631 2375; x_wconf 88' lang='lat' dir='ltr'>regni</span> 
     </span>
     <span class='ocr_line' id='line_1_32' title="bbox 203 2387 1630 2450; baseline -0.015 -9"><span class='ocrx_word' id='word_1_252' title='bbox 203 2404 350 2440; x_wconf 80' lang='lat' dir='ltr'>Bactr.“</span> <span class='ocrx_word' id='word_1_253' title='bbox 375 2415 411 2450; x_wconf 85' lang='lat' dir='ltr'>p.</span> <span class='ocrx_word' id='word_1_254' title='bbox 435 2404 498 2446; x_wconf 81' lang='lat'>45,</span> <span class='ocrx_word' id='word_1_255' title='bbox 521 2402 576 2436; x_wconf 70' lang='lat'>47.</span> <span class='ocrx_word' id='word_1_256' title='bbox 627 2401 814 2446; x_wconf 69' lang='lat' dir='ltr'>Droyscn,</span> <span class='ocrx_word' id='word_1_257' title='bbox 850 2397 984 2433; x_wconf 83' lang='lat' dir='ltr'>Gescli.</span> <span class='ocrx_word' id='word_1_258' title='bbox 1017 2395 1081 2429; x_wconf 86' lang='lat' dir='ltr'>des</span> <span class='ocrx_word' id='word_1_259' title='bbox 1113 2392 1322 2428; x_wconf 79' lang='lat' dir='ltr'>Hellenism.</span> <span class='ocrx_word' id='word_1_260' title='bbox 1350 2390 1395 2434; x_wconf 80' lang='lat'>11,</span> <span class='ocrx_word' id='word_1_261' title='bbox 1420 2401 1454 2434; x_wconf 90' lang='lat' dir='ltr'>p.</span> <span class='ocrx_word' id='word_1_262' title='bbox 1483 2387 1549 2422; x_wconf 79' lang='lat'><strong>320·</strong></span> <span class='ocrx_word' id='word_1_263' title='bbox 1576 2398 1630 2432; x_wconf 82' lang='lat' dir='ltr'>sq.</span> 
     </span>
     <span class='ocr_line' id='line_1_33' title="bbox 204 2443 1632 2508; baseline -0.015 -10"><span class='ocrx_word' id='word_1_264' title='bbox 204 2462 274 2505; x_wconf 82' lang='lat'>330</span> <span class='ocrx_word' id='word_1_265' title='bbox 296 2473 340 2508; x_wconf 84' lang='lat' dir='ltr'>sq</span> <span class='ocrx_word' id='word_1_266' title='bbox 398 2459 549 2503; x_wconf 80' lang='lat' dir='ltr'>Flatle,</span> <span class='ocrx_word' id='word_1_267' title='bbox 576 2459 629 2498; x_wconf 84' lang='grc'>11,</span> <span class='ocrx_word' id='word_1_268' title='bbox 661 2458 726 2493; x_wconf 71' lang='grc'><strong>212</strong></span> <span class='ocrx_word' id='word_1_269' title='bbox 761 2468 838 2502; x_wconf 82' lang='lat' dir='ltr'>sqq.</span> <span class='ocrx_word' id='word_1_270' title='bbox 887 2453 1050 2500; x_wconf 81' lang='lat' dir='ltr'>Appian.</span> <span class='ocrx_word' id='word_1_271' title='bbox 1083 2452 1163 2497; x_wconf 85' lang='lat' dir='ltr'>Syr.</span> <span class='ocrx_word' id='word_1_272' title='bbox 1190 2450 1245 2485; x_wconf 66' lang='lat'>65.</span> <span class='ocrx_word' id='word_1_273' title='bbox 1296 2446 1431 2483; x_wconf 78' lang='lat' dir='ltr'>Justin.</span> <span class='ocrx_word' id='word_1_274' title='bbox 1465 2443 1574 2487; x_wconf 86' lang='lat' dir='ltr'>XLI,</span> <span class='ocrx_word' id='word_1_275' title='bbox 1599 2444 1632 2486; x_wconf 88' lang='lat'>4,</span> 
     </span>
     <span class='ocr_line' id='line_1_34' title="bbox 205 2500 1632 2563; baseline -0.015 -9"><span class='ocrx_word' id='word_1_276' title='bbox 205 2519 308 2563; x_wconf 86' lang='lat'>3-5,</span> <span class='ocrx_word' id='word_1_277' title='bbox 334 2529 362 2553; x_wconf 89' lang='lat' dir='ltr'>c.</span> <span class='ocrx_word' id='word_1_278' title='bbox 388 2518 421 2561; x_wconf 81' lang='lat'>5,</span> <span class='ocrx_word' id='word_1_279' title='bbox 448 2520 478 2561; x_wconf 81' lang='lat'>1,</span> <span class='ocrx_word' id='word_1_280' title='bbox 503 2518 534 2550; x_wconf 79' lang='lat'>2.</span> <span class='ocrx_word' id='word_1_281' title='bbox 565 2515 701 2551; x_wconf 85' lang='lat' dir='ltr'>Euscb.</span> <span class='ocrx_word' id='word_1_282' title='bbox 727 2513 889 2549; x_wconf 88' lang='lat' dir='ltr'>chronic.</span> <span class='ocrx_word' id='word_1_283' title='bbox 915 2512 969 2546; x_wconf 86' lang='lat' dir='ltr'>ed.</span> <span class='ocrx_word' id='word_1_284' title='bbox 1003 2510 1166 2546; x_wconf 79' lang='lat' dir='ltr'>Schoenc</span> <span class='ocrx_word' id='word_1_285' title='bbox 1197 2507 1244 2550; x_wconf 83' lang='lat'>11,</span> <span class='ocrx_word' id='word_1_286' title='bbox 1270 2519 1304 2552; x_wconf 92' lang='lat' dir='ltr'>p.</span> <span class='ocrx_word' id='word_1_287' title='bbox 1333 2504 1378 2539; x_wconf 78' lang='lat'>20</span> <span class='ocrx_word' id='word_1_288' title='bbox 1405 2515 1457 2549; x_wconf 81' lang='lat' dir='ltr'>sq.</span> <span class='ocrx_word' id='word_1_289' title='bbox 1499 2500 1632 2536; x_wconf 83' lang='lat' dir='ltr'>Strabo</span> 
     </span>
     <span class='ocr_line' id='line_1_35' title="bbox 205 2557 1633 2621; baseline -0.015 -9"><span class='ocrx_word' id='word_1_290' title='bbox 205 2572 373 2621; x_wconf 69' lang='lat' dir='ltr'>X1,&#39;515.</span> <span class='ocrx_word' id='word_1_291' title='bbox 399 2575 520 2610; x_wconf 77' lang='lat' dir='ltr'>Moses</span> <span class='ocrx_word' id='word_1_292' title='bbox 546 2573 768 2608; x_wconf 77' lang='lat' dir='ltr'>Chorenens.</span> <span class='ocrx_word' id='word_1_293' title='bbox 798 2583 833 2616; x_wconf 90' lang='lat' dir='ltr'>p.</span> <span class='ocrx_word' id='word_1_294' title='bbox 861 2571 905 2604; x_wconf 70' lang='lat'>04</span> <span class='ocrx_word' id='word_1_295' title='bbox 929 2581 973 2603; x_wconf 79' lang='lat' dir='ltr'>ex</span> <span class='ocrx_word' id='word_1_296' title='bbox 997 2568 1052 2602; x_wconf 86' lang='lat' dir='ltr'>ed..</span> <span class='ocrx_word' id='word_1_297' title='bbox 1073 2564 1384 2605; x_wconf 61' lang='lat' dir='ltr'>&#39;WhistonioruQ</span> <span class='ocrx_word' id='word_1_298' title='bbox 1402 2557 1633 2595; x_wconf 73' lang='lat' dir='ltr'>Lond.1736-</span> 
     </span>
     <span class='ocr_line' id='line_1_36' title="bbox 206 2613 1635 2676; baseline -0.016 -6"><span class='ocrx_word' id='word_1_299' title='bbox 206 2633 375 2676; x_wconf 83' lang='lat' dir='ltr'>Richter,</span> <span class='ocrx_word' id='word_1_300' title='bbox 405 2628 832 2667; x_wconf 78' lang='lat' dir='ltr'>historisch-kritischer</span> <span class='ocrx_word' id='word_1_301' title='bbox 865 2625 1029 2662; x_wconf 85' lang='lat' dir='ltr'>Versuch</span> <span class='ocrx_word' id='word_1_302' title='bbox 1060 2621 1151 2658; x_wconf 82' lang='lat' dir='ltr'>iiber</span> <span class='ocrx_word' id='word_1_303' title='bbox 1177 2621 1234 2656; x_wconf 87' lang='lat' dir='ltr'>dic</span> <span class='ocrx_word' id='word_1_304' title='bbox 1260 2613 1635 2660; x_wconf 71' lang='lat' dir='ltr'>Arsacideudynastic</span> 
     </span>
     <span class='ocr_line' id='line_1_37' title="bbox 207 2666 1551 2738; baseline -0.016 -9"><span class='ocrx_word' id='word_1_305' title='bbox 207 2704 245 2738; x_wconf 81' lang='lat' dir='ltr'>p.</span> <span class='ocrx_word' id='word_1_306' title='bbox 270 2692 325 2727; x_wconf 79' lang='lat'>25.</span> <span class='ocrx_word' id='word_1_307' title='bbox 351 2690 410 2726; x_wconf 85' lang='lat'>01.</span> <span class='ocrx_word' id='word_1_308' title='bbox 437 2690 514 2732; x_wconf 69' lang='lat'>151,</span> <span class='ocrx_word' id='word_1_309' title='bbox 540 2690 567 2722; x_wconf 83' lang='lat' dir='ltr'>i.</span> <span class='ocrx_word' id='word_1_310' title='bbox 594 2688 660 2722; x_wconf 76' lang='lat'>256</span> <span class='ocrx_word' id='word_1_311' title='bbox 685 2698 718 2721; x_wconf 80' lang='lat' dir='ltr'>a.</span> <span class='ocrx_word' id='word_1_312' title='bbox 745 2685 833 2720; x_wconf 55' lang='lat' dir='ltr'>ehu</span> <span class='ocrx_word' id='word_1_313' title='bbox 1002 2679 1006 2681; x_wconf 84' lang='grc'><em>·</em></span> <span class='ocrx_word' id='word_1_314' title='bbox 1544 2666 1551 2682; x_wconf 79' lang='lat'><strong>²</strong></span> 
     </span>
    </p>

    <p class='ocr_par' dir='ltr' id='par_1_7' title="bbox 208 2728 1633 2851">
     <span class='ocr_line' id='line_1_38' title="bbox 303 2728 1633 2793; baseline -0.017 -9"><span class='ocrx_word' id='word_1_315' title='bbox 303 2748 337 2793; x_wconf 84' lang='grc'>9)</span> <span class='ocrx_word' id='word_1_316' title='bbox 362 2747 578 2792; x_wconf 85' lang='lat' dir='ltr'>Hieronym.</span> <span class='ocrx_word' id='word_1_317' title='bbox 611 2744 659 2779; x_wconf 84' lang='lat' dir='ltr'>ad</span> <span class='ocrx_word' id='word_1_318' title='bbox 688 2741 833 2778; x_wconf 86' lang='lat' dir='ltr'>Daniel.</span> <span class='ocrx_word' id='word_1_319' title='bbox 858 2739 925 2781; x_wconf 88' lang='lat' dir='ltr'>XI,</span> <span class='ocrx_word' id='word_1_320' title='bbox 952 2737 1073 2773; x_wconf 75' lang='grc' dir='ltr'><strong>ἰ’-10.</strong></span> <span class='ocrx_word' id='word_1_321' title='bbox 1123 2734 1299 2777; x_wconf 79' lang='lat' dir='ltr'>Mionnet,</span> <span class='ocrx_word' id='word_1_322' title='bbox 1326 2731 1377 2775; x_wconf 92' lang='lat' dir='ltr'>V,</span> <span class='ocrx_word' id='word_1_323' title='bbox 1402 2731 1456 2765; x_wconf 78' lang='lat'>23.</span> <span class='ocrx_word' id='word_1_324' title='bbox 1504 2728 1633 2774; x_wconf 84' lang='lat' dir='ltr'>Suppl.</span> 
     </span>
     <span class='ocr_line' id='line_1_39' title="bbox 208 2785 1629 2851; baseline -0.017 -8"><span class='ocrx_word' id='word_1_325' title='bbox 208 2805 318 2851; x_wconf 84' lang='lat' dir='ltr'>VIII,</span> <span class='ocrx_word' id='word_1_326' title='bbox 341 2805 397 2840; x_wconf 84' lang='lat'>18.</span> <span class='ocrx_word' id='word_1_327' title='bbox 423 2802 594 2839; x_wconf 78' lang='lat' dir='ltr'>visconti</span> <span class='ocrx_word' id='word_1_328' title='bbox 619 2800 666 2845; x_wconf 92' lang='lat'>11,</span> <span class='ocrx_word' id='word_1_329' title='bbox 685 2812 721 2846; x_wconf 90' lang='lat' dir='ltr'>p.</span> <span class='ocrx_word' id='word_1_330' title='bbox 736 2799 802 2835; x_wconf 79' lang='lat'>306</span> <span class='ocrx_word' id='word_1_331' title='bbox 821 2796 868 2833; x_wconf 86' lang='lat' dir='ltr'>cf.</span> <span class='ocrx_word' id='word_1_332' title='bbox 884 2795 1067 2841; x_wconf 80' lang='lat' dir='ltr'>Droysen,</span> <span class='ocrx_word' id='word_1_333' title='bbox 1087 2791 1134 2837; x_wconf 95' lang='lat' dir='ltr'>II,</span> <span class='ocrx_word' id='word_1_334' title='bbox 1151 2790 1230 2835; x_wconf 80' lang='lat'>428,</span> <span class='ocrx_word' id='word_1_335' title='bbox 1249 2790 1325 2827; x_wconf 81' lang='lat'>521.</span> <span class='ocrx_word' id='word_1_336' title='bbox 1344 2785 1629 2831; x_wconf 80' lang='lat' dir='ltr'>Flathe11,299.</span> 
     </span>
    </p>
   </div>
  </div>
 </body>
</html>
