1955 3262
784 328 1063 370 -27-

210 439 344 481 minor
378 438 597 482 Seleuciae
636 455 760 494 quam
800 442 839 484 in
875 443 1048 485 Graecis
1078 444 1275 498 Europae
1309 444 1479 487 urbibus
1511 444 1632 488 liber-

209 507 308 549 tatis
340 521 459 549 amor
488 508 630 561 viguit.
651 509 702 551 ’ἢ
757 510 865 560 Quin
897 511 1014 553 inulti
1041 511 1203 566 Graeci,
1233 512 1395 566 patriae
1423 512 1634 555 interitum

211 582 447 618 maerentes
480 577 519 617 in
545 577 668 619 Asiae
701 579 869 620 urbibus
889 580 1176 629 Graecanicis,
1211 580 1279 622 ubi
1306 580 1477 623 libertas
1497 595 1523 622 a
1552 583 1626 624 Se-

210 642 384 685 leucidis
405 659 487 686 non
516 651 677 688 tentata
696 647 889 702 florebat,
914 648 1036 691 sedes
1058 662 1107 691 ae
1127 649 1340 691 domicilia
1362 649 1439 692 sibi
1470 650 1634 703 quaesi-

214 710 360 767 verint,
390 712 460 753 vix
492 713 664 756 dubium
696 720 768 757 est.

807 1104 938 1164 CAP.
1004 1108 1053 1165 V.

596 1291 671 1332 DE
704 1291 907 1333 FORMA
941 1291 1240 1336 CIVITA'I‘IS.

325 1406 491 1461 Operae
521 1419 624 1449 sane
653 1407 833 1460 pretium
863 1407 986 1449 fuerit
1006 1420 1274 1462 cognoscere,
1307 1407 1443 1461 qualis
1468 1407 1638 1449 interior

209 1474 333 1516 fuerit
364 1475 579 1517 civitatum
612 1464 969 1517 Graecanicarum
1000 1475 1329 1529 administrati03
1371 1475 1446 1518 sed
1477 1475 1529 1517 de
1557 1475 1638 1517 bac

211 1557 255 1586 re
279 1543 418 1586 omnia
440 1544 526 1586 fere
545 1544 799 1586 documenta
824 1544 975 1586 desunt
996 1550 1036 1586 et
1058 1544 1231 1585 vixdum
1266 1544 1638 1599 deprehenduntin·

211 1613 326 1667 apud
355 1608 563 1666 quasdam
597 1614 720 1655 urbes
752 1613 961 1665 quaedam
993 1612 1111 1655 istius
1142 1613 1338 1667 politicae
1369 1613 1636 1655 administra-

209 1681 332 1724 tionis
361 1681 526 1724 indicia.
586 1681 822 1730 Antiochia,
857 1681 1064 1736 Ephesus,
1084 1682 1326 1734 Ptolemais,
1361 1682 1562 1732 Seleucia,
1587 1681 1640 1724 de

210 1763 295 1803 qua
326 1750 523 1805 dicimus,
566 1750 723 1793 formas
765 1751 973 1803 quasdam
1004 1750 1182 1793 civitatis
1214 1751 1412 1805 offerunt,
1444 1763 1552 1804 quae
1583 1750 1638 1792 ad

208 1819 469 1861 Graecarum
503 1819 717 1861 civitatum
759 1820 977 1874 exemplar
1008 1819 1171 1861 effictae
1203 1819 1406 1861 videntur.
1473 1819 1636 1861 Etenim

209 1887 458 1929 Antiochiae
505 1887 618 1930 cives
659 1900 804 1929 omnes
847 1887 968 1929 divisi
1013 1893 1132 1929 erant
1177 1887 1217 1929 in
1265 1887 1408 1929 XVIII
1446 1887 1587 1930 trihus.
1606 1889 1635 1937 1)

210 1956 564 2010 Congregahatur
589 1956 769 2010 populus
801 1956 841 1997 in
872 1956 1054 2008 forum2)
1086 1961 1159 1998 aut
1187 1956 1227 1997 in
1261 1956 1471 1998 theatrum
1487 1957 1530 2010 ³),
1563 1969 1631 1998 ve-

212 2025 273 2066 lut
302 2025 415 2079 apud
447 2024 650 2072 Graecos,
688 2029 729 2065 ut
758 2024 1031 2078 magistratus
1061 2024 1232 2079 eligeret
1261 2037 1310 2066 ae
1347 2024 1399 2066 de
1428 2024 1551 2066 rebus
1583 2025 1638 2066 ad

216 2093 426 2135 civitatem
481 2093 787 2148 pertinentibus
843 2094 1089 2135 consuleret.
1106 2094 1139 2137 >l›
1216 2094 1416 2136 Senatum
1466 2106 1633 2146 quoque

209 2162 439 2217 posteriore
482 2162 630 2204 saltem
670 2168 859 2216 tempore
899 2162 1149 2205 Antiochiae
1185 2163 1253 2205 CC
1293 2162 1475 2203 virorum
1507 2162 1636 2204 tuisse

218 2235 355 2272 ectum
389 2243 442 2272 ex
481 2231 697 2284 gentibus,
730 2243 839 2283 quae
866 2230 957 2284 jam
991 2244 1064 2284 per
1096 2231 1235 2285 plures
1264 2235 1423 2272 aetates
1456 2230 1635 2273 eundem

299 2342 356 2384 28)
382 2342 501 2377 Tacit.
527 2342 660 2377 Annal.
688 2342 751 2386 Vl,
777 2344 831 2377 41.
861 2343 927 2386 XI,
953 2344 982 2377 8.
1010 2345 1041 2378 9.

301 2401 338 2444 1)
363 2399 495 2434 Liban.
538 2400 585 2434 ad
625 2399 766 2433 Theod.
802 2404 887 2433 tom.
923 2399 950 2433 Ι.
988 2413 1022 2445 p.
1057 2400 1121 2434 651
1161 2400 1216 2434 ed.
1264 2400 1407 2435 Reiske.
1456 2399 1636 2446 Droysen,

207 2455 341 2491 Geseh.
369 2457 433 2491 des
457 2457 671 2492 Hellenism.
693 2456 741 2500 11,
769 2469 802 2502 p.
821 2456 875 2493 30.
900 2457 1021 2491 Etiam
1041 2456 1286 2492 Alexandriae
1310 2457 1439 2492 civitas
1465 2457 1502 2491 in
1522 2455 1635 2501 φυλὰς

208 2512 325 2548 divisa
349 2519 439 2548 erat.
489 2514 566 2549 Jos.
593 2525 622 2548 c.
649 2514 719 2559 Ap.
747 2514 796 2557 II,
823 2515 852 2548 4.

297 2570 332 2613 2)
363 2570 494 2616 Polyb.
522 2570 663 2613 XXVI,
688 2571 744 2615 26,
771 2573 819 2608 10.

296 2627 332 2671 3)
358 2627 477 2665 Tacit.
506 2628 642 2662 Histor.
669 2628 716 2670 11,
747 2631 811 2664 8οε
838 2629 1167 2673 „Antiochensium
1184 2628 1369 2664 theatrum
1396 2649 1435 2657 —
1464 2629 1529 2665 ubi
1556 2628 1631 2663 illis

204 2684 413 2719 consultare
435 2696 514 2720 mos
541 2687 627 2721 est.⁸‘
674 2685 824 2732 Joseph.
850 2686 893 2720 B.
918 2686 952 2721 J.
980 2687 1064 2730 VII,
1089 2688 1121 2730 3,
1146 2686 1177 2721 3.

295 2743 331 2791 4)
356 2742 445 2779 Tac.
472 2743 569 2779 Anu.
597 2743 661 2788 Vl,
686 2743 746 2780 42:
774 2755 862 2789 „sua
887 2743 1025 2790 populo
1053 2743 1140 2780 vis.“
