1955 3262
755 377 1036 418 -57-

181 502 342 541 surum,
373 489 462 532 dux
479 489 678 533 Antiochi
707 488 882 532 fluvium
919 489 1087 545 trajecit
1117 494 1159 533 et
1185 490 1296 534 hosti
1314 490 1534 546 proximus
1550 504 1618 535 ca-

181 563 272 604 stra
290 559 442 615 posuit.
502 561 612 602 Tum
634 559 762 612 Molo,
788 564 835 601 ut
856 559 1096 601 Xenoetam
1125 563 1427 614 strategemate
1441 559 1618 615 falleret,

182 627 380 671 omnibus
408 627 452 670 in
482 627 633 671 castris
663 626 976 683 impedimentis
1005 627 1176 678 relictis,
1217 632 1342 670 noctu
1373 641 1468 671 cum
1500 641 1617 672 exer·

183 697 269 742 citu
294 697 476 752 recessit,
507 696 697 739 Mediam
727 709 873 739 versus
902 709 949 739 se
974 697 1257 751 profecturum
1275 695 1491 740 simulans.
1530 697 1615 740 Xe-

182 770 333 810 noctae
359 765 573 809 Molonem
606 769 722 808 metu
757 765 1025 821 perterritum
1056 765 1296 821 profugisse
1321 765 1542 819 judicans,
1573 770 1619 810 ut

182 835 337 878 milites
377 834 510 878 hostis
545 838 687 878 castra
726 835 842 877 omni
869 835 1058 890 praedae
1092 847 1247 889 genere
1275 835 1430 877 referta
1460 835 1617 891 compi-

182 903 332 958 larent,
361 903 565 959 permisit.
625 903 732 947 Cum
763 903 916 947 milites
947 904 1169 946 Xenoetae
1198 903 1286 946 vini
1316 908 1358 946 et
1394 904 1616 959 epularum

186 971 477 1028 voluptatibus
514 984 609 1015 sese
643 971 880 1022 dedissent,
915 971 1044 1026 Molo,
1074 971 1143 1026 qui
1173 971 1255 1014 hoc
1283 971 1493 1014 facturum
1524 985 1618 1015 esse

183 1040 423 1097 suspicatus
453 1044 557 1090 erat,
589 1046 763 1097 repente
792 1054 819 1083 a
847 1040 951 1095 fuga
978 1054 1057 1084 sua
1086 1039 1285 1083 simulata
1314 1053 1510 1084 reversus
1540 1040 1613 1082 ho·

181 1114 268 1153 stes
297 1123 447 1154 somno
473 1110 657 1164 vinoque
682 1109 832 1165 plenos
864 1109 1085 1165 oppressit,
1116 1122 1295 1163 quorum
1317 1108 1388 1151 alii
1404 1108 1614 1152 dormien-

183 1182 248 1222 tes
273 1178 316 1221 in
347 1178 536 1222 tentoriis
566 1178 669 1234 ipsis
699 1182 1042 1233 prosternuntur,
1083 1177 1155 1220 alii
1184 1178 1227 1219 in
1257 1177 1414 1220 fiumen
1445 1189 1492 1219 se
1520 1189 1616 1232 pro·

174 1247 339 1302 jiciunt.
400 1247 596 1289 Flumine
627 1246 779 1289 deinde
812 1246 1010 1302 expedite
1031 1246 1208 1301 trajecto
1230 1245 1374 1301 copias
1396 1244 1616 1288 confestim

181 1315 388 1358 adversus
431 1314 669 1358 Seleuciam
718 1314 833 1357 ducit
882 1327 1062 1368 eamque
1108 1314 1244 1369 primo
1287 1314 1447 1368 impetu
1488 1313 1617 1368 capit.

180 1383 323 1438 Supra
353 1383 448 1438 jam
485 1383 892 1433 demonstravimus,
938 1383 1167 1438 populares
1197 1382 1289 1425 sine
1319 1381 1448 1424 dubio
1478 1381 1618 1423 Mace-

187 1452 346 1496 donum
376 1451 723 1505 Graecorumque
758 1451 1008 1494 auctoritate
1039 1451 1317 1506 labefactata,
1348 1450 1508 1494 Moloni
1546 1463 1617 1492 ex-

185 1521 493 1578 pugnationem
531 1520 769 1563 reddidisse
803 1519 1047 1563 faciliorem.
1108 1519 1207 1570 Qua
1236 1519 1350 1562 urbis
1381 1518 1620 1574 potentissi-

188 1603 285 1633 mae
323 1589 642 1645 expugnatione
679 1588 804 1632 simul
833 1588 970 1631 omnis
1001 1588 1171 1631 fortuna
1200 1587 1511 1644 provinciarum
1543 1587 1618 1630 cir-

186 1658 516 1714 cumjacentium
557 1658 795 1713 disceptata
834 1662 933 1700 erat.
991 1657 1120 1699 Nullo
1169 1657 1280 1699 enim
1310 1657 1530 1700 resistente
1557 1660 1618 1699 to-

190 1732 280 1771 tam
307 1726 588 1783 Babyloniam
619 1731 660 1769 et
687 1725 1010 1781 praefecturam,
1039 1737 1150 1779 quae
1168 1725 1249 1768 sita
1270 1731 1361 1768 erat
1377 1725 1488 1768 circa
1504 1737 1621 1768 mare

184 1797 380 1851 rubrum,
422 1795 576 1838 dicioni
615 1808 720 1837 suae
750 1793 938 1848 subjecit.
1000 1793 1093 1844 Quo
1121 1794 1232 1836 facto
1265 1794 1377 1836 Susa
1406 1792 1621 1836 contendit

185 1868 226 1907 et
266 1865 414 1907 urbem
454 1863 625 1918 quidem
666 1863 887 1906 confestim
927 1861 1215 1918 expugnavit,
1251 1876 1390 1905 arcem
1422 1875 1545 1913 vero,
1575 1861 1619 1905 in

186 1946 315 1987 quam
344 1932 561 1987 Diogenes
593 1932 681 1974 dux
700 1945 746 1974 se
768 1935 994 1986 receperat,
1021 1931 1178 1974 frustra
1199 1944 1291 1973 cum
1313 1933 1616 1985 oppugnasset,

184 2001 316 2057 copiis
349 1997 567 2045 castellum
600 2000 887 2043 obsidentibus
917 1999 1071 2042 relictis
1104 1999 1341 2042 Seleuciam
1367 1998 1424 2041 ad
1454 1998 1617 2053 Tigrim

184 2082 379 2113 reversus
423 2074 499 2113 est.
559 2069 683 2112 Unde
715 2069 845 2111 milite
875 2082 927 2111 ex
956 2068 1099 2123 inopia
1130 2072 1171 2110 et
1201 2068 1343 2111 labore
1372 2066 1527 2110 refecto
1557 2066 1613 2108 ad

183 2139 379 2194 regiones
424 2138 605 2181 adverso
651 2137 823 2180 flumine
874 2137 977 2180 sitas
1026 2137 1296 2191 occupandas
1342 2135 1529 2191 perrexit
1576 2141 1619 2179 et

182 2206 300 2250 brevi
347 2210 479 2250 totam
526 2206 876 2260 Parapotamiam
924 2218 1057 2258 usque
1098 2205 1154 2247 ad
1197 2205 1411 2259 Europum
1453 2203 1616 2253 urbem,

182 2275 542 2331 Mesopotamiam
574 2280 713 2317 autem
749 2287 881 2328 usque
912 2274 968 2316 ad
998 2275 1115 2316 Dura
1133 2273 1319 2327 subjecit.
1381 2272 1614 2315 Antiochus

188 2343 242 2386 de
271 2345 492 2387 Xenoetae
521 2343 686 2386 interitu
719 2348 759 2385 et
783 2342 964 2385 Molonis
985 2341 1167 2384 victoriis
1196 2342 1347 2384 certior
1374 2341 1508 2383 factus
1525 2340 1617 2398 ipse

183 2418 331 2455 contra
352 2412 605 2455 defectorem
625 2411 831 2467 proficisci
855 2411 1040 2453 decrevit
1059 2415 1100 2452 et
1122 2410 1258 2452 hieme
1272 2411 1327 2459 (a.
1345 2410 1484 2451 221.a.
1501 2407 1615 2463 Chr.)

184 2479 321 2524 Nisibi
333 2486 558 2535 transacta,
571 2480 788 2535 Tigridem
798 2479 982 2533 fluvium,
998 2485 1042 2521 ut
1057 2479 1214 2521 Moloni
1227 2486 1313 2520 tum
1326 2478 1367 2519 in
1382 2477 1617 2532 Babylonia

184 2549 464 2592 commoranti
498 2549 655 2592 reditus
678 2548 720 2590 in
743 2547 929 2589 Mediam
952 2547 1296 2589 intercluderetur
1320 2546 1462 2599 itaque
1481 2545 1616 2589 omnis

183 2622 445 2661 commeatus
459 2618 784 2672 interciperetur,
799 2616 928 2659 tribus
944 2615 1046 2658 locis
1059 2629 1186 2670 supra
1205 2614 1441 2657 Seleuciam
1453 2613 1618 2667 trajecit

185 2680 241 2729 (a.
253 2687 353 2730 220.
366 2700 403 2729 a.
417 2685 542 2737 Chr.).
559 2686 672 2729 Molo
687 2685 857 2740 cognito
867 2684 979 2739 regis
989 2684 1185 2734 adventu,
1200 2696 1253 2725 ne
1267 2682 1422 2725 reditus
1430 2682 1473 2724 in
1485 2681 1615 2724 Medi-

183 2768 253 2798 am
277 2754 356 2799 sibi
370 2754 716 2799 intercluderetur
727 2758 843 2797 trans
857 2753 1020 2810 Tigrim
1033 2766 1078 2797 se
1093 2751 1260 2809 recepit,
1278 2751 1352 2795 scd
1361 2750 1503 2808 paullo
1514 2754 1611 2808 post
