1971 3246
831 330 1087 371 „0-

250 449 442 506 Babylon
475 446 715 490 diuturnam
746 445 1009 489 obsidionem
1039 443 1270 500 perdurare
1296 445 1526 500 potuisset!
1568 444 1682 488 Satis

249 518 405 563 Justini
441 528 623 559 errorem
665 514 801 569 aperit
840 514 1093 557 Plutarchus
1108 514 1180 566 24),
1215 513 1287 567 qui
1315 513 1359 556 in
1390 513 1539 557 eodem
1569 513 1680 556 bello

252 587 362 631 civili
391 586 628 638 eademque
657 583 877 627 obsidione
908 583 1284 627 commemoranda
1301 583 1446 626 urbem
1469 582 1683 625 aParthis

254 658 470 700 obsessam
512 666 598 695 non
644 651 948 707 Babyloniam,
1001 666 1148 695 verum
1196 652 1434 695 Seleuciam
1481 664 1684 705 magna-m

253 725 452 781 appellat.
511 721 711 775 Alioquin
738 735 906 777 semper
942 722 1224 774 .J'11sti1111s²5),
1256 735 1351 764 cum
1394 721 1447 763 de
1488 719 1684 764 Seleucia

258 794 316 837 ad
341 792 505 847 Tigrim
534 796 702 843 narrat,
732 791 902 833 nomine
921 792 1184 846 Babyloniae
1203 805 1277 834 seu
1298 790 1529 845 Babylonis
1549 789 1689 831 utitur.

258 862 397 906 Etiam
429 860 604 905 Orosius
616 859 671 914 2⁶)
702 860 812 901 inter
842 873 888 902 se
914 864 1144 902 commutat
1178 860 1438 915 Babylonem
1469 863 1509 901 et
1540 858 1684 901 Seleu-

262 932 381 975 ciam.
402 957 457 962 ——
484 930 674 983 Denique
695 930 1037 972 commemorabo
1061 929 1243 972 Plinium
1260 930 1313 982 27)
1345 930 1502 983 urbem,
1536 928 1589 969 de
1608 940 1690 980 qua

260 1001 524 1054 disserimus,
568 997 805 1040 Seleuciam
847 999 1053 1052 Assyriae
1095 998 1327 1041 nominare.
1360 1024 1413 1027 —
1448 997 1563 1039 Haec
1594 995 1692 1037 hac-

260 1076 382 1114 tenus
413 1069 465 1112 de
493 1066 662 1110 nomine
694 1070 735 1108 et
753 1066 1074 1121 cognominibus
1103 1067 1231 1110 urbis.
1275 1067 1375 1110 Jam
1396 1064 1591 1108 Seleucia
1609 1059 1712 1118 quo'

264 1140 352 1183 sere
382 1144 573 1194 tempore
600 1134 772 1181 condita
803 1136 857 1178 sit
884 1135 1119 1180 videamus.

364 1253 424 1299 24)
457 1252 556 1288 Plut.
583 1253 621 1288 in
647 1254 778 1290 Crasso
806 1265 835 1289 c.
863 1252 918 1287 21.
943 1252 990 1288 cf.
1005 1251 1079 1287 Dio
1106 1251 1204 1287 Cass.
1235 1249 1481 1295 XXX1X,56
1503 1251 1540 1283 et
1560 1247 1697 1284 Justiu.

266 1310 389 1355 XLII,
415 1323 444 1346 e.
469 1311 502 1346 4.

364 1369 423 1412 25)
447 1368 669 1412 XXXVIII,
696 1368 727 1403 9.
754 1369 798 1413 6.,
822 1368 876 1402 10.
902 1368 933 1401 6.

362 1426 423 1471 26)
447 1424 493 1466 V,
513 1426 544 1460 5.
593 1425 640 1469 V,
667 1425 719 1459 10.

360 1484 418 1527 27)
441 1482 581 1518 Histor.
611 1481 741 1518 Natur.
769 1481 878 1526 XIII,
902 1481 933 1516 4.
960 1481 1015 1516 49.
