1955 3262
775 678 906 740 CAP.
945 680 1002 738 ll.

605 867 680 908 DE
712 866 913 910 ORIGIN
918 868 951 909 E
984 867 1060 911 UR
1069 868 1165 911 BIS.

296 980 387 1023 Etsi
427 994 508 1035 quo
551 994 661 1023 anno
704 981 893 1023 Seleucia
938 981 1104 1023 condita
1149 982 1202 1024 sit
1243 988 1438 1025 accurate
1481 984 1607 1026 statui

182 1062 266 1091 non
296 1054 446 1104 potest,
482 1051 558 1093 hoc
591 1057 733 1092 tamen
769 1057 880 1092 certo
911 1050 1077 1106 scimus,
1103 1051 1326 1093 Seleucum
1350 1051 1607 1106 Nicatorem,

181 1119 384 1173 Antigoni
394 1120 583 1174 potentia
603 1133 685 1161 uno
700 1120 856 1174 proelio
873 1120 927 1162 ad
942 1121 1082 1174 Ipsum
1097 1119 1388 1176 (Olympiadis
1404 1120 1606 1163 CXVIIII

183 1201 237 1229 an
269 1189 307 1230 4.
339 1187 575 1244 incipiente,
609 1202 646 1230 a.
667 1189 761 1231 Chr.
794 1190 871 1230 301
901 1190 1096 1243 Augusto
1118 1193 1278 1243 mense)
1298 1191 1326 1241 ¹)
1356 1189 1490 1232 fracta
1513 1204 1607 1232 cum

181 1256 311 1300 Asiae
342 1258 462 1300 terris
493 1258 618 1312 pan-‘J
650 1258 814 1300 reddita
836 1265 956 1312 essct,
987 1264 1158 1313 practer
1173 1258 1318 1312 alias³)
1338 1259 1461 1301 urbes
1479 1259 1606 1301 etiam

179 1325 221 1367 in
255 1326 493 1381 Babylonia
535 1340 690 1368 novam
727 1329 873 1370 urbem
914 1328 1094 1370 condere
1134 1341 1277 1370 secum
1329 1328 1608 1379 constituisse,

177 1394 267 1436 sive
297 1400 342 1436 ut
375 1395 606 1450 Babylonis
640 1403 679 1437 et
707 1395 1018 1438 Chaldaeorum
1040 1396 1331 1438 auctoritatem
1353 1396 1517 1451 majore
1537 1410 1609 1439 110-

183 1475 265 1504 vae
301 1463 414 1506 urbis
454 1464 680 1519 splendore
711 1464 957 1519 infringeret
986 1465 1076 1508 sive
1108 1464 1212 1507 situs
1244 1465 1386 1520 paullo
1417 1464 1610 1521 superior

185 1531 322 1586 magis
353 1531 528 1575 idoneus
556 1532 634 1587 ipsi
665 1533 780 1576 visus
813 1540 887 1588 est,
920 1547 1002 1587 quo
1032 1547 1190 1589 magna
1222 1533 1321 1577 urbs
1346 1533 1524 1577 floreret.

296 1601 362 1643 De
389 1601 551 1656 origine
581 1601 675 1657 ipsa
706 1602 928 1645 traduntur
958 1603 1119 1655 haec.⁴)
1180 1603 1287 1646 Cum
1311 1602 1514 1646 Seleucus
1535 1603 1608 1645 Ni—

182 1674 301 1711 cator
329 1669 568 1712 Seleuciam
601 1671 843 1713 conditurus
874 1679 995 1722 esset,
1030 1670 1270 1714 Chaldaeos
1300 1672 1441 1713 ferunt
1460 1671 1608 1726 jussos

184 1736 296 1779 diem
327 1738 560 1793 horamque
591 1740 769 1794 eligere,
803 1755 886 1794 qua
915 1740 1286 1783 fundamentorum
1311 1739 1608 1794 jaciendorum

183 1806 300 1849 fieret
342 1807 506 1850 initium
549 1809 746 1851 mentitos
788 1822 880 1852 csse
923 1809 1092 1864 horam,
1137 1821 1232 1851 eum
1271 1813 1433 1851 tantam
1462 1809 1607 1852 urbem

184 1881 330 1918 contra
361 1890 406 1919 se
436 1877 594 1919 exstrui
622 1878 793 1920 nollent.
853 1877 1017 1919 Deinde
1047 1890 1141 1918 cum
1170 1890 1245 1919 rex
1268 1876 1416 1920 horam
1438 1890 1463 1919 a
1484 1877 1608 1920 Chal-

183 1945 302 1988 daeis
330 1946 600 1988 constitutam
632 1946 674 1988 in
708 1946 884 1988 tentorio
911 1959 987 1988 suo
1018 1950 1285 2000 exspectaret
1316 1945 1609 2000 exercitusque

185 2014 241 2057 ad
271 2027 378 2069 opus
409 2006 584 2070 paratus
616 2015 784 2070 signum
806 2015 1079 2070 opperiretur,
1110 2028 1256 2057 omnes
1273 2014 1409 2058 subito
1427 2014 1610 2057 feliciore

183 2083 288 2127 hora
327 2083 495 2139 signum
527 2084 665 2138 operis
705 2083 930 2139 incipiendi
959 2083 1171 2126 aridixisse
1210 2083 1289 2125 visi
1330 2088 1438 2126 sunt.
1500 2084 1606 2127 Con-

183 2153 323 2195 festim
362 2153 518 2196 milites
560 2159 678 2196 tanto
712 2154 874 2196 fervore
909 2153 963 2195 ad
995 2166 1101 2208 opus
1135 2152 1327 2207 aggressi
1357 2158 1476 2204 sunt,
1508 2157 1553 2194 ut
1583 2166 1609 2194 a

183 2222 462 2277 praeconibus
503 2223 616 2265 nullo
652 2223 778 2264 modo
821 2222 1003 2264 cohiberi
1032 2227 1216 2276 possent.
1277 2223 1387 2263 Tum
1418 2221 1509 2276 regi
1539 2220 1608 2263 tri-

183 2292 367 2335 stissimo
409 2305 459 2334 ao
497 2292 549 2334 de
580 2291 694 2334 urbis
724 2292 810 2333 fato
844 2291 967 2332 valde
997 2289 1172 2332 sollicito
1207 2289 1413 2332 Chaldaei
1441 2289 1607 2332 nuntia-

190 2368 296 2416 runt,
329 2374 422 2403 cum
456 2360 534 2415 ipsi
556 2360 704 2402 horam
736 2360 988 2402 destinatam
1017 2359 1281 2410 celavissent,
1310 2358 1413 2400 illud
1444 2358 1610 2413 signum

184 2442 211 2470 a
243 2429 321 2472 diis
353 2430 530 2485 venisse,
563 2429 633 2484 qui
665 2430 814 2472 infensi
847 2429 1156 2471 Chaldaeorum
1189 2432 1228 2469 et
1259 2427 1428 2470 omnino
1447 2426 1606 2482 indige·

280 2558 312 2590 li
336 2554 473 2590 Eusebi
500 2554 658 2589 chronic.
685 2555 740 2589 cd.
767 2554 932 2589 Schoenc
958 2554 1005 2588 ad
1037 2553 1081 2589 Ol
1115 2553 1299 2589 cxvlm
1329 2564 1361 2586 a.
1388 2553 1419 2588 4.

270 2613 307 2657 ’2)
330 2613 462 2656 Ritter,
489 2611 688 2647 Erdkund‘:
719 2611 767 2646 X.
789 2624 824 2657 p.
850 2611 895 2645 68
920 2623 972 2656 sq.

277 2671 314 2715 3)
338 2669 487 2716 Appian
525 2671 607 2715 Syr.
633 2680 662 2704 c.
688 2669 732 2704 57
758 2667 803 2703 cf.
833 2667 988 2702 Malalas
1016 2667 1150 2703 Chron.
1173 2666 1279 2711 VIII,
1310 2678 1343 2712 p.
1373 2667 1440 2701 203
1474 2678 1524 2713 sq.
1551 2666 1606 2701 ed.

186 2727 372 2763 Bonnens.

270 2780 308 2830 ’4)
336 2784 496 2832 Appian.
523 2784 600 2830 Syr.
632 2794 661 2817 c.
687 2784 741 2818 57⁴
