1971 3246
870 371 1150 414 ..53-

294 502 320 529 a
349 501 450 540 rege
481 487 640 541 proelio
671 486 874 528 acerrimo
898 484 1096 527 'devictus
1114 484 1223 526 ¹est.'
1263 484 1447 526 Posthac
1473 496 1557 526 rex
1576 486 1737 528 Seleu'ss'

293 556 401 602 eiam
432 556 642 609 profectus
674 561 748 596 est.
811 555 917 597 Urbs
949 554 1145 599 maxima„
1168 554 1281 595 nullo
1316 553 1539 595 resistente·
1566 568 1592 595 a
1622 556 1723 608 rege

294 629 542 678 recuperata
581 637 672 665 esse
709 623 887 664 videtur.
959 622 1152 664 Hei-inias
1193 621 1515 663 Seleucensibus
1551 627 1724 677 propter

296 692 571 733 defectionem
590 706 771 746 poenam
796 692 1082 733 destinaverat
1102 691 1384 733 durissimam.
1417 690 1533 732 Dixit
1547 691 1723 733 enim-iis

297 762 471 802 multam
486 761 598 803 mille
613 762 828 815 talentum,
847 761 925 802 Adi
932 774 1078 814 ganas,
1096 761 1171 813 ,qui
1190 759 1434 801 desectionis
1447 760 1725 802 concitatores

296 830 385 871 siue
401 831 527 872 dubio
555 831 730 883 fuerant,
752 844 774 870 e
792 830 959 871 civitate
974 829 1148 884 expulit,
1163 829 1204 870 in
1222 829 1375 869 multos
1392 829 1504 870 cives
1525 828 1724 871 caedibus

295 912 346 939 ac
383 900 601 941 tormentis
640 898 798 942 saeviit.
859 900 952 940 Rex
995 903 1135 940 auteur
1148 932 1158 952 ,
1201 898 1316 939 sicut
1339 902 1450 938 ,erat
1478 900 1725 938 mansuetus

295 970 422 1018 atque
469 967 666 1019 prudens,
720 967 917 1008 Hermiae
948 967 1010 1008 ira
1050 967 1210 1008 mollita
1257 965 1573 1008 Seleucensium
1613 965 1727 1006 mala

297 1035 491 1088 mitigare
535 1036 692 1077 studuit
734 1049 962 1088 eorumque
1003 1037 1169 1090 culpam
1211 1039 1380 1076 centum
1419 1033 1728 1086 quinquaginta

297 1104 548 1144 talentorum
590 1105 723 1145 multa
760 1105 974 1157 castigans
1006 1103 1216 1145 civitatem
1246 1103 1288 1143 in
1318 1102 1541 1156 pristinum
1570 1106 1726 1143 statum-

296 1172 539 1225 1·e‹legit.1¹)
596 1174 710 1223 Jure,
746 1178 788 1214 ut
819 1173 977 1226 opinor,
1010 1173 1149 1226 putari
1168 1177 1319 1226 potest,
1353 1171 1613 1212 Antiochum
1627 1176 1725 1212 tune
1763 1182 1765 1185 ’

296 1241 471 1282 Graecis
511 1246 550 1282 et
590 1241 893 1283 Macedonibus
935 1255 1022 1283 rem
1066 1240 1388 1295 ])e1·1iiisisse.³²i
1449 1240 1516 1281 Ita
1547 1238 1747 1280 Molonisv

297 1309 445 1350 seditio
467 1310 532 1363 l⁴2³),
577 1322 656 1361 qua
701 1310 788 1351 fere
830 1323 976 1351 omnes
1014 1309 1250 1363 superiores
1284 1307 1602 1351 Seleucidarum
1633 1320 1730 1361 pro—

295 1377 458 1419 vinciae
496 1378 680 1420 amissae
722 1384 884 1431 essent,
925 1391 1130 1432 oppressa
1172 1381 1235 1419 est
1275 1377 1457 1429 illaeque
1482 1375 1730 1430 provinciae

298 1460 391 1487 eum
422 1447 766 1501 splendidissima
798 1447 1021 1500 metropoli
1054 1447 1248 1488 Seleucia
1279 1446 1416 1488 denuo
1448 1444 1644 1486 nimirum
1668 1443 1730 1485 *ad

298 1520 465 1569 tempus
496 1515 537 1556 in
565 1519 654 1557 tuto
685 1521 804 1571 erant
834 1515 1077 1558 collocatae.

414 1609 590 1650 Postero
618 1620 785 1661 quoque
817 1612 1018 1662 tempore,
1051 1620 1145 1648 cum
1179 1619 1205 1647 a
1234 1604 1342 1646 bello
1376 1604 1574 1659 quodam,
1617 1603 1732 1658 quod

299 1676 586 1725 Gcrrhaeisss)
631 1676 840 1718 Arabibus
879 1676 1017 1717 sinum
1058 1674 1273 1717 Persicum
1305 1672 1592 1715 accolentibus
1623 1672 1729 1715 intu-

299 1745 426 1796 lerat,
469 1745 587 1799 Tigri
627 1745 797 1787 flumine
828 1744 1005 1798 rediret,
1038 1743 1254 1786 Seleuciae
1282 1739 1516 1784 Antiochus
1547 1742 1730 1796 Magnus

298 1818 582 1856 commoratus
614 1819 687 1856 est.

416 1906 610 1947 Antiochi
644 1905 791 1959 Magni
818 1904 925 1947 filius
946 1903 1178 1946 Antiochus
1193 1901 1453 1957 Epiphanes,
1484 1914 1580 1944 cum
1607 1912 1734 1954 expe-

307 1974 507 2016 ditionem
545 1975 584 2016 in
629 1974 866 2029 superiores
894 1972 1134 2028 provincias
1153 1973 1203 2018 1³)
1234 1970 1488 2021 institueret,
1521 1968 1736 2011 Seleuciae

300 2043 406 2085 sitne
448 2047 733 2086 commoratus
775 2043 980 2084 incertum
1014 2046 1086 2083 est.
1147 2040 1197 2082 Id
1228 2043 1390 2082 tantum
1422 2038 1593 2100 scimus,
1639 2051 1735 2080 eum

302 2117 398 2166 post
430 2112 593 2154 cladem
622 2112 662 2153 in
695 2111 870 2153 Perside
901 2114 1121 2165 acceptam
1153 2108 1385 2151 Seleuciam
1423 2120 1570 2150 versus
1602 2120 1648 2148 se
1673 2120 1735 2149 re-

300 2181 543 2236 cepissem),
584 2194 666 2233 quo
708 2181 855 2222 itinere
894 2179 1026 2222 Tabis
1057 2178 1230 2221 Persiae
1261 2176 1417 2233 oppido
1449 2176 1559 2218 diem
1591 2189 1736 2232 supre-

391 2304 448 2350 11)
474 2304 606 2350 Polyb.
634 2305 678 2345 V,
705 2306 760 2348 5-1,
788 2306 847 2340 ll:
875 2307 1080 2349 υκατέστησε
1106 2302 1165 2347 τὴν
1190 2302 1322 2337 πόλιί’.“

390 2363 444 2401 [2)
475 2362 516 2397 V.
543 2374 654 2407 supra
682 2374 760 2408 cap.
789 2363 833 2405 V,
860 2376 892 2408 p.
918 2363 973 2397 29.

392 2420 448 2461 13)
474 2419 616 2454 Detoto
629 2419 804 2454 hoc-bello
824 2431 918 2453 unus
933 2419 1113 2465 Polybius
1131 2417 1340 2452 accuratius
1358 2415 1503 2461 scripsit
1521 2416 1565 2458 V,
1584 2416 1623 2449 41
1635 2415 1731 2450 414.

394 2477 451 2517 1³1>
477 2476 608 2522 Polyb.
635 2477 743 2520 Xlll,
770 2479 789 2511 9
815 2477 862 2511 cf.
888 2476 1020 2511 Suidas
1044 2488 1075 2510 v.
1104 2473 1256 2517 Σιακιή.
1310 2474 1351 2507 ln
1380 2474 1450 2508 hoe
1474 2473 1572 2507 bello
1599 2472 1728 2507 Antio-

300 2534 360 2568 chi
404 2545 460 2568 res
499 2545 673 2580 prospere
703 2534 854 2569 cessisse
887 2534 1068 2568 videntur.
1128 2533 1222 2568 Nam
1256 2531 1436 2567 Gerrhaei
1468 2530 1651 2576 supplices
1685 2530 1732 2564 ad

299 2601 381 2625 eum
406 2591 570 2626 veniunt.

397 2650 451 2694 15)
478 2649 629 2694 «Ioseph.
658 2648 812 2694 Antiqu.
838 2648 924 2684 Jud.
956 2648 1043 2691 XII,
1073 2647 1102 2691 T,
1128 2648 1159 2681 2.
1210 2646 1293 2680 Lib.
1318 2645 1364 2680 Il.
1391 2644 1558 2679 Maccab.
1585 2645 1616 2685 9,
1641 2644 1672 2678 2.
1701 2643 1732 2678 3.

304 2706 462 2751 Appian.
489 2706 570 2752 Syr.
596 2707 650 2741 66.
1212 2715 1217 2719 ¹

394 2765 449 2812 10¹)
474 2763 557 2799 Lib.
582 2764 611 2799 Ι.
639 2763 801 2799 Maccab.
832 2764 864 2810 6,
889 2763 923 2798 4.
