1955 3262
733 335 1018 379 -69-

166 449 274 494 rium
316 448 698 503 detrectabant-⁵²³)
762 449 980 491 Artabano
1012 454 1175 491 mortuo
1217 463 1311 492 cum
1351 450 1457 493 inter
1488 451 1595 494 filios

166 517 383 562 Gotarzen
414 519 456 559 et
482 516 706 558 Bardancn
735 517 843 558 bella
883 517 935 558 de
967 531 1097 571 regno
1130 519 1368 572 appetendo
1400 519 1597 563 intestina

166 585 455 638 exorirentur,
487 584 758 626 vehementer
788 585 914 626 etiam
947 585 999 627 de
1030 586 1222 628 Seleucia
1250 586 1493 629 dimicatum
1523 594 1599 641 est,

168 666 279 708 quae
318 653 416 695 urbs
461 652 590 694 etiam
630 653 701 694 illo
744 661 931 707 tempore
973 654 1012 695 iu
1044 654 1250 697 seditione
1289 656 1600 710 perseverabat.

169 720 403 774 Bai-danes,
433 726 561 763 antea
591 733 722 774 regno
761 721 906 775 pulsus
939 736 965 763 a
995 722 1192 775 chtarze,
1224 723 1396 766 feliciter
1425 730 1596 779 pugnat.

169 791 283 833 Nam
320 789 506 832 Gotarze
544 789 789 843 proturbato
834 802 978 831 omnes
1020 790 1106 832 fere
1138 791 1375 844 provincias
1409 793 1447 834 in
1481 798 1598 848 pote-

167 861 323 902 statem
353 870 474 900 suam
507 857 671 910 redigit,
706 857 798 899 sola
829 858 1021 900 Seleucia
1052 859 1381 902 dominaticmem
1412 861 1501 913 ejus
1529 862 1598 903 ab-

169 930 336 970 nuente.
397 925 537 976 Quam
571 926 716 968 urbem
749 927 933 968 validam
965 934 1004 969 et
1032 928 1301 970 munimentis
1330 929 1481 981 objecti
1512 943 1599 971 am-

169 995 236 1038 nis
261 1007 467 1048 muroque
498 999 539 1035 et
569 994 876 1036 commeatibus
899 996 1106 1036 firmatam
1129 996 1345 1039 obsidione
1363 997 1529 1039 claudit.
1548 999 1598 1046 ²³⁷)

170 1063 343 1106 Interim
374 1062 582 1105 Gotarzes
613 1062 832 1105 Daharum
868 1063 1247 1117 Hyrcanorumque
1275 1065 1423 1120 opibus
1455 1072 1600 1109 auctus

168 1131 397 1175 Bardauen
437 1130 549 1184 cogit
589 1129 798 1172 dimittere
835 1130 1084 1173 Seleuciam.
1147 1133 1294 1174 Paullo
1326 1141 1463 1175 autem
1508 1141 1600 1188 post

170 1199 354 1243 Parthici
387 1211 508 1252 reges
540 1211 635 1240 cum
669 1198 772 1241 fines
804 1211 903 1241 suos
931 1199 984 1240 ab
1015 1199 1168 1241 exteris
1197 1201 1391 1253 gentibus
1409 1202 1600 1245 infestari

171 1268 374 1319 viderent,
404 1273 578 1322 repente
606 1266 756 1308 foedus
788 1266 964 1321 faciunt,
997 1279 1079 1319 quo
1112 1267 1340 1309 dominatio
1374 1282 1503 1323 penes
1534 1284 1599 1312 so-

171 1337 259 1379 lum
289 1335 515 1378 Bardanen
547 1340 746 1376 remanet.
807 1334 1012 1376 Gotarzes
1052 1347 1166 1387 vcro,
1199 1349 1251 1378 ne
1282 1336 1382 1390 quid
1413 1338 1599 1380 aemula-

171 1404 296 1448 tionis
326 1403 535 1456 existeret,
567 1403 735 1457 penitus
765 1402 808 1444 in
827 1402 1084 1456 Hyrcaniam
1117 1403 1213 1444 abit.
1277 1404 1434 1458 Sopitis
1458 1406 1515 1447 ita
1534 1406 1594 1448 in-

171 1471 333 1516 testinis
378 1470 497 1514 bellis
539 1469 755 1512 Bardanes
794 1469 850 1511 ad
889 1470 1187 1521 Seleucenses,
1223 1484 1328 1525 quos
1361 1478 1486 1516 antea
1507 1475 1600 1527 Jam

171 1539 414 1594 obsederat,
458 1538 695 1581 domandos
737 1538 931 1581 omnibus
967 1539 1122 1581 viribus
1166 1547 1294 1593 atque
1325 1542 1473 1595 opibus
1507 1556 1601 1586 sese

173 1608 368 1663 accingit.
399 1607 607 1663 „Etenim
629 1607 763 1660 inquit
786 1607 1028 1660 Tacitus58),
1056 1621 1250 1663 regresso
1264 1610 1449 1652 Bardani
1481 1611 1595 1653 dedi-

172 1680 242 1721 tur
270 1675 465 1720 Seleucia
503 1675 682 1730 septimo
719 1680 815 1729 post
845 1675 1123 1718 defectionem
1155 1690 1265 1720 anno
1298 1679 1368 1730 (43
1398 1693 1440 1733 p.
1471 1679 1596 1733 Chr),

173 1759 259 1788 non
296 1744 389 1788 sine
427 1744 636 1787 dedecore
675 1744 953 1799 Parthorum,
983 1757 1088 1798 quos
1120 1758 1204 1787 una
1236 1746 1383 1789 civitas
1413 1754 1501 1789 tam
1534 1748 1604 1790 diu

173 1813 369 1856 eluserat.
429 1811 588 1863 Quales
623 1824 787 1867 poenas
828 1812 951 1854 luerit
992 1813 1089 1855 urbs
1132 1813 1392 1857 nobilissima
1434 1829 1605 1870 prorsus

172 1881 378 1924 incertum
420 1885 495 1923 est.
553 1880 648 1922 Etsi
691 1880 872 1924 fortasse
919 1894 994 1923 rex
1044 1881 1203 1924 civibus
1247 1883 1482 1926 libertatem
1523 1898 1607 1927 non

174 1949 366 2006 eriperet,
396 1955 540 2003 tamen
571 1949 655 1992 alio
688 1949 814 1992 modo
841 1950 1015 1992 nimiam
1040 1950 1256 1993 Seleuciae
1285 1952 1516 2006 potentiam
1537 1965 1607 1994 ex-

174 2017 344 2061 haurire
373 2017 593 2070 studebat,
637 2017 957 2074 Ctesiphontem
973 2020 1026 2073 52⁴)
1057 2032 1219 2074 pagum
1252 2033 1455 2075 magnum
1479 2021 1606 2076 juxta

269 2152 331 2198 56)
353 2152 444 2188 Tac.
471 2153 608 2188 Annal.
634 2153 702 2198 XI,
727 2153 749 2188 8
773 2157 837 2198 „ut
862 2153 978 2199 patris
1004 2154 1061 2189 sui
1087 2165 1233 2201 quoque
1259 2155 1494 2190 defectores.“

263 2209 327 2254 57)
351 2209 472 2245 Tacit.
496 2210 565 2254 XI,
589 2210 622 2245 8.

264 2265 326 2312 58)
352 2267 487 2302 Annal.
512 2267 581 2311 XI,
605 2267 637 2302 9.

265 2323 325 2366 59)
349 2323 443 2359 Plin.
475 2323 520 2358 H.
540 2324 586 2360 N.
608 2323 676 2368 VI,
700 2323 756 2367 26,
772 2324 858 2358 122:
885 2324 1069 2368 „Invicem
1088 2326 1135 2360 ad
1156 2326 1250 2361 hane
1268 2326 1363 2368 (scil.
1387 2326 1602 2369 Seleuciam)

174 2379 463 2416 exhauriendam
495 2380 775 2428 Ctesiphontem
811 2383 919 2427 juxta
952 2382 1101 2417 tertium
1126 2383 1173 2418 ab
1199 2394 1243 2418 ea
1263 2383 1421 2429 lapidem
1447 2384 1483 2418 in
1509 2383 1602 2417 Cha-

175 2436 330 2473 lonitide
354 2438 551 2474 condidere
574 2439 739 2474 Parthi.“
785 2439 967 2473 Ammian.
999 2439 1159 2474 Marcell,
1185 2440 1330 2485 XXllI,
1355 2441 1389 2484 6,
1417 2441 1470 2475 23.
1512 2439 1601 2474 Bar-

174 2493 328 2537 danm,
367 2506 391 2530 a
428 2507 502 2541 quo
537 2495 696 2542 primum
729 2505 808 2530 esse
838 2496 1023 2530 conditam
1059 2495 1334 2542 Ctesiphontem
1367 2496 1603 2531 Marcellinus

173 2555 370 2596 memorat,
402 2553 560 2588 eundem
586 2552 710 2595 fuisse,
737 2553 799 2598 qui
827 2552 1029 2587 Seleuciam
1053 2558 1138 2598 post
1162 2553 1355 2598 septimum
1381 2564 1516 2588 annum
1543 2553 1602 2587 ‹le-

173 2606 346 2643 fectionis
367 2607 406 2643 in
427 2612 650 2655 potestatem
677 2620 781 2644 suam
805 2609 1012 2652 reduxerat,
1037 2610 1126 2644 satis
1155 2610 1241 2644 mihi
1264 2615 1432 2644 constare
1448 2609 1601 2644 videtur.

173 2663 401 2706 Quisautem
414 2664 476 2702 ille
485 2665 648 2702 Pacorus
660 2665 783 2709 fucrit,
807 2676 828 2699 a
843 2676 915 2711 quo
932 2664 1032 2700 illam
1050 2665 1176 2700 urbem
1187 2666 1328 2702 Graeco
1347 2666 1492 2700 nomine
1502 2666 1600 2707 Κτη-

174 2720 333 2767 σιφόπα
361 2722 588 2769 appellatam
618 2733 697 2759 ease
725 2721 823 2767 vult,
855 2721 1032 2757 incertum
1056 2726 1120 2757 est.
1172 2721 1389 2758 Ammianus
1416 2720 1597 2757 Marcelli-
