1971 3246
899 300 1183 343 --68ψ

333 419 406 471 dit,
439 417 639 472 excipias,
671 416 742 470 qui
761 416 981 458 Vononem
1012 416 1044 458 I.
1070 416 1274 458 Arsacem
1302 417 1455 462 XVIII.
1479 430 1625 471 regem
1657 419 1759 459 Par-0

334 488 501 530 thorum
543 486 596 528 ab
633 485 800 528 aemulo
843 485 1059 528 Artabano
1099 486 1172 527 111.
1204 490 1365 528 Arsace
1394 485 1513 529 XIX.
1548 485 1760 529 devictum

336 554 573 599 Seleuciam
624 553 867 608 confugisse
923 559 1235 596 commemorat.
1325 553 1487 596 Eodem
1543 555 1760 597 Artabano

337 629 542 678 regnante
571 623 642 664 illa
664 622 925 664 nobilissima
943 622 969 665 J
973 622 1203 664 udaeorum
1226 627 1391 676 strages
1411 622 1630 665 Seleuciae
1649 623 1764 666 sacta

335 700 419 742 cst,
458 692 511 733 de
552 705 636 744 qua
664 704 794 746 supra
825 691 919 745 jam
951 690 1161 745 copiosius
1190 691 1450 746 disputatum
1482 696 1554 734 est.
1614 691 1762 733 Paullo

332 764 428 816 post
465 760 573 801 hanc
612 759 874 803 Judaeorum
917 759 1082 801 cladem
1112 759 1334 814 pristinum
1366 759 1474 801 inter
1505 761 1692 803 Graecos
1722 764 1764 802 et

333 830 556 884 indigenas
583 834 797 872 certamen
825 833 1076 870 renovatum
1108 842 1201 871 esse
1231 829 1414 884 videtur,
1448 829 1504 871 ad
1535 830 1649 882 quod
1680 830 1762 872 dis-

335 898 589 952 ceptandum
622 898 878 940 Parthorum
908 910 984 939 rex
1014 898 1256 940 Artabanus
1288 911 1315 939 a
1343 897 1666 942 Seleucensibus
1694 913 1762 942 ac-

335 966 520 1021 citurum)
582 968 824 1008 Artabanus
879 965 1058 1008 civitatis
1111 966 1459 1020 gubernationem
1506 967 1764 1022 principibus

337 1034 475 1076 tradit.
536 1036 645 1076 Tum
677 1048 728 1077 ea
756 1034 894 1089 factio,
929 1047 1038 1087 quae
1066 1034 1212 1089 populi
1241 1047 1414 1076 causam
1431 1035 1599 1089 agebat,
1631 1036 1676 1078 in
1694 1036 1763 1079 Ti-

334 1103 480 1146 ridatis
509 1108 650 1158 partes
680 1102 851 1157 transit,
895 1115 1019 1155 quem
1067 1102 1260 1144 Tiberius
1290 1102 1519 1156 imperator
1550 1107 1605 1155 (a.
1637 1104 1692 1145 36
1721 1117 1764 1160 p.

337 1172 447 1224 Chr.)
487 1172 636 1214 eodem
666 1171 873 1225 sanguine
905 1174 1161 1225 prognatum
1192 1171 1410 1221 Artabano
1450 1172 1664 1214 aemulum
1694 1172 1765 1214 de-

336 1242 511 1296 legerat,
539 1240 927 1293 adventantemque
958 1239 1163 1294 omnibus‚
1196 1252 1301 1292 quos
1329 1243 1508 1295 poterat,
1539 1240 1767 1284 honoribus

339 1310 510 1353 extollit.
529 1309 581 1359 5⁵)
645 1308 787 1359 Quare
818 1308 1029 1351 Tiridates
1060 1322 1149 1350 rem
1166 1308 1324 1362 populo
1344 1309 1562 1363 permittit.
1621 1310 1766 1353 Seleu-

336 1379 403 1420 cia
440 1378 500 1419 ita
530 1382 570 1419 et
602 1377 875 1431 Ctesiphonte
913 1377 1069 1432 potitus
1100 1376 1313 1419 Tiridates
1344 1390 1371 1419 a
1399 1378 1567 1421 Parthis
1593 1392 1669 1421 rex
1699 1392 1766 1421 sa-

335 1449 502 1490 lutatur.
573 1447 815 1488 Artabanus
864 1446 918 1487 ab
966 1445 1160 1487 omnibus
1200 1445 1423 1488 derelictus
1460 1447 1503 1490 in
1543 1447 1765 1503 Scythiam

337 1517 455 1570 fugit.
511 1515 613 1557 Mox
654 1519 796 1556 autem
834 1526 929 1556 cum
961 1514 1076 1569 apud
1106 1514 1289 1557 Parthos
1320 1514 1475 1557 bellum
1504 1515 1614 1559 inter
1641 1518 1763 1559 Arta-

338 1586 495 1628 banum
528 1589 568 1625 et
597 1582 829 1624 Tiridatem
860 1582 999 1624 denuo
1020 1583 1325 1638 exardesceret,
1358 1597 1518 1638 magna
1546 1584 1768 1628 Seleuciae

339 1654 577 1696 animorum
608 1652 721 1693 facta
751 1656 813 1693 est
855 1652 1149 1704 commutatio,
1180 1652 1432 1707 primoribus
1471 1666 1566 1695 cum
1607 1654 1766 1708 populo

338 1723 393 1764 ad
418 1722 572 1775 jugum
603 1719 846 1761 Parthicum
879 1720 1176 1763 excutiendum
1207 1734 1254 1763 se
1286 1721 1650 1776 conjungentibus.
1691 1726 1770 1765 Ar-

338 1791 518 1832 tabanus
563 1787 673 1830 enim
719 1801 814 1829 cum
853 1801 880 1829 a
917 1788 1017 1831 viris
1057 1789 1309 1843 quibusdam
1352 1791 1698 1846 praepotentibus
1727 1791 1771 1834 in

339 1859 555 1901 Parthiam
586 1860 808 1900 revocatus
837 1857 1069 1900 Tiridatem
1095 1858 1262 1901 Parthis
1289 1858 1497 1902 offensum
1514 1872 1598 1901 non
1613 1872 1771 1914 magno

340 1928 484 1970 labore
512 1927 555 1968 in
585 1925 755 1982 Syriam
786 1927 1061 1982 reppulisset,
1102 1928 1378 1971 Seleucenses
1405 1927 1489 1971 soli
1519 1928 1611 1984 ejus
1641 1929 1772 1983 impe·

341 2040 481 2086 aliquid
523 2040 651 2076 auxilii
684 2042 851 2078 futurum
885 2054 978 2087 esse,
1015 2054 1180 2089 sperasse
1204 2042 1361 2078 videtur.
1406 2042 1460 2087 At
1484 2053 1560 2077 non
1583 2042 1773 2087 habemus,

342 2098 443 2144 quod
475 2109 497 2131 a
522 2097 804 2135 Seleucensibus
834 2112 917 2136 eum
947 2101 1118 2147 adjutum
1145 2111 1223 2136 esse
1248 2099 1557 2145 pi·obet.;Paullo
1589 2104 1674 2146 post
1701 2098 1773 2135 Vo-

341 2165 470 2188 nonem
499 2155 665 2190 Armenii
689 2168 814 2203 regem
838 2158 1034 2204 accipiunt.
1084 2158 1172 2192 Tac.
1199 2157 1336 2192 Annal.
1361 2156 1411 2202 11,
1435 2157 1466 2191 4.

433 2222 493 2265 54)
519 2223 606 2258 Tac.
641 2225 776 2260 Annal.
812 2226 885 2271 VI,
916 2228 979 2262 42:
1014 2227 1181 2273 „quoties
1206 2227 1404 2262 concordes
1428 2230 1558 2272 agunt,
1583 2226 1770 2271 spernitur

344 2279 524 2323 Parthus3
555 2280 620 2314 ubi
635 2281 844 2328 dissensere,
868 2284 955 2319 dum
976 2284 1046 2319 sibi
1066 2285 1222 2330 quisque
1237 2288 1368 2319 eontra
1387 2284 1550 2318 aemulos
1568 2283 1774 2318 subsidium

343 2343 487 2379 vocant,
513 2338 651 2374 accitus
677 2339 714 2374 in
739 2345 880 2386 partem
905 2342 1100 2376 adversum
1125 2352 1248 2376 omnes
1269 2340 1432 2375 valescit.
1471 2340 1515 2375 Id
1539 2352 1655 2387 nuper
1677 2340 1772 2375 acci-

341 2397 446 2432 derat
477 2397 673 2432 Artabano
699 2402 895 2444 regnante,
933 2399 997 2444 qui
1022 2398 1181 2445 'plebem
1211 2397 1435 2444 primoribus
1460 2396 1614 2432 tradidit
1638 2408 1681 2432 ex
1705 2408 1773 2433 suo

340 2456 444 2488 usu.“
504 2453 578 2488 Illa
611 2453 840 2489 Judaeorum
871 2460 1012 2502 strages
1043 2466 1140 2489 anno
1174 2455 1229 2489 40.
1257 2467 1291 2501 p.
1318 2453 1403 2490 Chr.
1435 2454 1525 2501 poni
1549 2453 1652 2490 solet.
1701 2455 1773 2501 Sed

343 2522 426 2545 cum
437 2510 672 2546 Seleucenses
696 2513 894 2547 concordes
922 2513 970 2547 ab
996 2524 1093 2547 anno
1116 2513 1158 2546 36
1185 2524 1301 2559 usque
1327 2513 1374 2547 ad
1394 2524 1532 2548 annum
1553 2513 1610 2549 43.
1633 2525 1669 2560 p.
1687 2512 1774 2549 Chr·

345 2569 382 2602 in
407 2568 587 2603 seditione
609 2569 783 2604 adversus
805 2570 965 2604 Parthos
990 2576 1276 2616 perseverarent,
1300 2570 1365 2605 illa
1389 2571 1513 2605 clades
1537 2569 1660 2616 priore
1684 2574 1772 2606 tem-

344 2635 434 2672 pore
452 2627 623 2672 ponenda
636 2637 713 2662 esse
729 2626 882 2662 videtur.
909 2628 1060 2663 Annum
1080 2627 1200 2673 ipsum
1211 2632 1310 2663 certo
1324 2626 1476 2664 definire
1485 2639 1559 2663 non
1567 2638 1772 2673 possumus.

437 2683 498 2729 55)
523 2683 611 2718 Tac.
636 2683 771 2719 Annal.
796 2684 861 2729 VI,
887 2684 942 2720 42.
