1971 3246
851 309 1136 352 -30—

283 425 395 467 docti
415 426 466 479 17)
506 425 559 467 de
606 424 686 467 hac
732 437 837 466 voce
871 424 1147 479 scripserunt,
1186 428 1231 466 ut
1264 423 1430 479 Campii
1458 424 1710 467 sententiam

283 494 385 537 satis
431 498 626 536 constare
666 506 751 535 non
783 493 970 535 audeam
1002 493 1225 535 affirmare.
1285 493 1383 535 Non
1413 493 1551 535 minus
1583 494 1715 536 ambi-

281 576 411 618 guum
448 567 523 615 est,
554 575 636 615 quo
667 574 852 604 munere
884 559 1181 612 „smonimffl
1202 560 1255 616 18)
1287 561 1455 604 functus
1482 562 1546 604 sit.
1576 562 1717 604 Etiam

282 633 323 674 in
341 631 431 674 aliis
448 631 620 674 urbibus
641 631 746 673 tales
769 630 845 672 viri
870 632 927 682 (οἱ
950 632 1020 671 ἐπὶ
1044 627 1228 680 πόλεως)
1253 634 1648 673 commemorantur.
1667 631 1717 682 19)

282 701 485 743 Fortasse
517 696 814 751 ,,ὲπιστα’του“
851 703 941 741 erat
970 698 1151 740 officium
1184 698 1412 753 vectigalia
1443 699 1617 753 exigere
1645 703 1720 741 aut

280 770 479 812 militaria
518 769 693 823 negotia
745 781 903 811 curare.
963 769 1060 810 Non
1105 767 1217 810 enim
1257 772 1359 822 puto
1391 780 1489 809 eum
1512 766 1720 821 judicium

284 852 405 882 suum
437 838 479 880 in
509 837 707 880 interiore
746 836 859 879 urbis
890 835 1590 891 administrationeinterposuisse3
1620 849 1721 877 nam

282 906 325 947 in
356 907 435 949 hac
467 918 513 948 re
543 910 583 948 et
615 905 861 948 Seleucidae
885 909 926 947 et
943 904 1177 946 Arsacidae
1193 903 1513 946 Seleucensibus
1538 904 1721 959 speciem

286 975 503 1028 quandam
533 974 738 1016 libertatis
770 973 988 1027 reliquisse
1018 973 1284 1025 videntu1·.20)
1315 972 1552 1015 Perfectam
1578 978 1718 1016 autem

285 1051 326 1086 et
345 1044 584 1086 absolutam
607 1042 894 1086 autonomiam
909 1041 1143 1084 Seleuciam
1177 1054 1261 1082 non
1278 1040 1488 1088 habuisse,
1516 1041 1720 1096 Polybius

287 1112 493 1164 ostendit,
534 1111 604 1165 qui
642 1110 846 1166 praefecti
874 1109 1097 1164 cujusdam
1129 1109 1234 1163 regii
1263 1109 1519 1151 mentionem
1551 1108 1652 1151 facit
1682 1112 1723 1151 et

287 1182 431 1223 urbem
450 1185 623 1236 propter
644 1179 923 1222 defectionem
943 1180 996 1220 ab
1012 1177 1220 1220 Antiocho
1240 1178 1399 1231 Magno
1418 1177 1609 1231 punitam
1631 1190 1724 1220 esse

288 1250 417 1292 addit.
476 1251 586 1292 Tum
634 1249 804 1291 demum
852 1262 947 1291 cum
989 1246 1218 1290 Seleucidis
1273 1246 1489 1289 exstinctis
1545 1246 1723 1289 Partho-

287 1333 381 1361 rum
430 1318 550 1361 bellis
597 1317 838 1361 domesticis
884 1321 974 1359 tota
1015 1315 1152 1358 oriens
1193 1315 1416 1369 flagraret,
1449 1314 1721 1358 Seleucenses

293 1401 443 1441 regum
475 1386 768 1428 Parthicorum
808 1389 1063 1441 potestatem
1096 1384 1345 1440 ..deridentes
1385 1396 1616 1437 eorumque
1649 1396 1723 1424 au-

298 1455 534 1499 ctoritatem
568 1454 921 1511 despicientesffl)
967 1455 1137 1509 plenam
1187 1451 1475 1495 autonomiam
1525 1451 1726 1505 consequi

293 1525 530 1567 studebant.

388 1663 440 1704 17)
466 1661 711 1697 Casaubonus
736 1659 976 1694 derivandum
1001 1669 1131 1692 nomen
1156 1657 1303 1703 putavit
1316 1669 1357 1691 ex
1375 1657 1542 1692 Arabum
1556 1656 1724 1702 dialecto,

294 1721 357 1756 ubi
384 1719 593 1765 „Aldajaffl
606 1718 723 1763 judex
751 1721 823 1761 est3
852 1727 963 1762 quam
986 1715 1163 1750 rationem
1182 1716 1361 1750 lubricam
1379 1716 1525 1760 judicat
1544 1714 1730 1760 Schweig-

292 1780 490 1814 haeuserus
515 1777 553 1811 in
578 1775 817 1810 adnotatione
842 1774 895 1808 illi
910 1773 1061 1819 Polybii
1087 1773 1168 1807 loco
1193 1773 1352 1818 adjecta,
1376 1772 1533 1808 certiora
1556 1783 1642 1806 vero
1668 1771 1730 1806 do-

294 1847 374 1871 cere
399 1834 576 1880 profitens
601 1845 638 1868 se
663 1844 736 1867 non
763 1844 880 1878 posse.
931 1832 981 1867 St.
1009 1831 1147 1865 Mai-tin
1190 1831 1225 1865 in
1250 1831 1342 1865 thes.
1363 1830 1489 1876 Steph.
1513 1830 1585 1864 hoc
1603 1839 1734 1864 nomen

295 1893 436 1928 derivat
463 1904 481 1927 c
518 1892 715 1926 Persarum
754 1890 883 1936 lingua
917 1900 939 1923 a
977 1899 1065 1923 voce
1100 1889 1285 1932 ‚‚dihkan“
1314 1892 1350 1923 et
1384 1888 1608 1933 „adilikan“‚
1632 1886 1732 1932 quod

292 1950 476 1996 significet
498 1946 700 1994 κωμάρχην,
728 1949 801 1983 vici
831 1947 1068 1992 praefectum.
1115 1948 1157 1980 ln
1183 1947 1405 1992 quibusdam
1419 1957 1504 1980 vero
1524 1944 1629 1980 libris
1644 1944 1732 1979 Per·

298 2008 381 2042 sicis
407 2007 570 2053 antiquis
597 2006 717 2040 valere
745 2005 849 2040 addit
875 2005 1027 2039 verbum
1055 2004 1172 2049 magis
1197 2015 1305 2038 sensu
1338 2002 1560 2038 honorifico:
1596 2000 1731 2046 „domi-

304 2077 382 2109 nus,
415 2065 554 2108 doctor,
580 2064 666 2098 vii-⁶⁴.
697 2063 863 2098 Ritterus
888 2074 935 2098 an
961 2062 1152 2107 Adiganos
1176 2062 1272 2096 idem
1297 2061 1447 2105 fuerint,
1473 2060 1536 2107 qui
1563 2058 1733 2095 Osticani

298 2122 335 2157 in
360 2123 538 2157 Armenia
561 2121 684 2156 vocati
710 2122 794 2165 sint,
819 2121 857 2154 in
883 2120 997 2155 dubio
1023 2119 1206 2164 relinquit.
1256 2118 1370 2153 Erdk.
1397 2118 1445 2163 X,
1470 2131 1506 2164 p.
1535 2117 1589 2152 70.

397 2180 453 2223 18)
478 2179 556 2214 Ρο1.
590 2180 634 2219 V„
658 2178 714 2223 48,
745 2179 799 2213 12.

388 2237 444 2283 19)
471 2237 548 2271 Pol.
576 2236 628 2279 V,
658 2236 712 2279 150,
739 2237 769 2270 1.
798 2236 837 2272 C.
868 2233 891 2268 Ι.
917 2235 970 2269 ed.
1001 2235 1155 2269 Boeckh
1180 2235 1248 2271 No.
1272 2234 1371 2269 2617.
1399 2233 1501 2269 2621.
1545 2232 1729 2277 Droysem

296 2295 430 2331 Gesch.
456 2295 489 2329 d.
516 2293 727 2328 Hellenism.
751 2293 798 2337 ΙΙ,
825 2293 879 2327 48.
909 2294 975 2328 No.
1003 2294 1057 2327 90.

387 2353 445 2397 20)
474 2351 566 2387 Plin.
596 2351 643 2386 H.
670 2351 714 2387 N.
740 2351 806 2395 VI,
831 2351 886 2395 26,
915 2351 995 2385 122:
1021 2351 1161 2395 „libera
1188 2350 1298 2386 hodie
1327 2360 1370 2383 ac
1398 2348 1454 2383 sui
1474 2347 1604 2394 juris.“
1637 2367 1672 2371 —
1695 2348 1733 2381 L,

298 2410 442 2455 Ampel.
477 2409 540 2444 lib.
573 2409 772 2444 memorab.
805 2420 883 2454 cap.
917 2409 999 2443 ult.:
1050 2409 1207 2453 „Rerum
1244 2407 1479 2454 publicarum
1505 2405 1576 2440 tria
1599 2414 1735 2450 genera

297 2472 400 2502 sunt:
428 2468 578 2513 regium,
604 2468 835 2513 optimatum,
861 2467 1050 2513 populare.
1089 2468 1167 2501 Aut
1191 2466 1288 2501 enim
1314 2464 1382 2500 sub
1410 2475 1537 2510 regum
1563 2466 1648 2497 sunt
1673 2473 1735 2508 po-

298 2529 441 2569 testate,
469 2529 511 2559 ut
535 2524 701 2560 Seleucia
721 2525 944 2559 Parthorum
961 2525 1051 2559 etc.“

384 2583 443 2628 21)
468 2582 546 2617 JOS.
574 2582 660 2618 Ant.
687 2582 773 2617 Jud.
803 2581 950 2624 XVIII,
975 2582 1006 2620 9,
1033 2583 1087 2616 &t
1115 2582 1236 2625 „Hyde
1260 2580 1325 2612 τοῦ
1351 2580 1514 2622 βασιλέως
1541 2578 1734 2610 Σελευκέων

294 2637 342 2685 μὴ
369 2637 683 2684 πεφροντικότων.“
707 2661 749 2665 -
774 2640 862 2675 Tac.
893 2640 990 2675 Ann.
1017 2639 1084 2681 XI,
1112 2640 1143 2673 8.
1178 2639 1222 2673 cf.
1257 2639 1307 2674 St.
1335 2638 1446 2673 Croix
1473 2637 1510 2671 in
1534 2633 1665 2681 „Indum
1691 2635 1736 2669 de

298 2698 426 2733 l'acad.
454 2698 517 2733 des
543 2698 705 2745 inscript.
732 2697 803 2733 vol.
827 2698 869 2733 L.
898 2711 934 2745 p.
966 2698 1019 2732 67.
1048 2697 1113 2733 759
1145 2709 1214 2743 sq„
