1955 3262
722 958 853 1021 CAP.
892 963 930 1021 V
935 961 1012 1021 111.

292 1159 369 1202 DE
399 1159 605 1203 RERUM
636 1159 1107 1203 SELEUCENARUM
1136 1160 1426 1203 FORTUNA.

268 1274 496 1329 Superest,
539 1277 583 1314 ut
614 1273 818 1314 nonnulla
849 1273 1038 1316 dicamus
1070 1273 1122 1314 de
1153 1286 1291 1315 rerum
1322 1273 1572 1317 Seleucena-

152 1357 245 1386 rum
282 1343 461 1391 fortuna.
521 1343 638 1385 Inter
679 1355 825 1384 omnes
865 1346 1030 1385 constat
1068 1341 1291 1384 Seleucum
1330 1343 1571 1386 Nicatorem

153 1424 291 1454 novae
321 1411 414 1455 urbi
440 1411 555 1454 omni
581 1411 708 1452 modo
738 1410 896 1453 favisse
930 1409 1070 1463 ibique
1099 1410 1263 1465 imperii
1308 1411 1452 1453 sedem
1490 1412 1571 1454 col-

152 1480 326 1523 locasse.
346 1482 374 1532 1)
434 1480 522 1522 Sed
551 1478 667 1522 brevi
699 1484 863 1521 tantum
894 1483 1082 1533 tempore
1113 1478 1203 1533 ipse
1229 1478 1372 1521 sedem
1393 1479 1573 1523 habebat

153 1547 383 1592 Seleuciae.
443 1548 544 1591 Mox
596 1547 707 1590 enim
754 1546 1047 1600 Antiochiam,
1092 1546 1207 1589 illam
1239 1546 1390 1602 Syriae
1426 1549 1571 1590 urbem

151 1613 552 1672 splendidissimam,
582 1616 703 1671 regni
732 1620 859 1671 eaput
886 1615 966 1659 sibi
999 1615 1169 1670 delegit,
1201 1616 1384 1658 minime·
1402 1617 1570 1670 quidem

156 1684 351 1733 Seleucia
380 1686 596 1741 neglecta,
628 1698 737 1738 quae
786 1685 884 1727 urbs
925 1698 1048 1739 porro
1079 1684 1204 1726 etiam
1240 1698 1322 1726 non
1353 1685 1487 1726 solum
1519 1685 1572 1727 ab

156 1756 248 1811 ipso
281 1755 481 1805 Seleu00,
520 1767 667 1796 verum
704 1753 830 1795 etiam
861 1753 914 1795 ab
943 1752 1034 1806 ejus
1060 1753 1370 1795 suecessoribus
1399 1753 1571 1794 maximi

155 1824 380 1868 aestimata
417 1829 458 1865 et
499 1821 709 1864 beneficiis
750 1821 1067 1876 privilegiisque
1115 1827 1240 1863 aucta
1281 1825 1355 1863 est.
1425 1822 1569 1863 Antio-

155 1893 280 1936 chum
319 1892 509 1935 Soterem
545 1890 717 1940 deinde,
749 1902 873 1942 quem
902 1890 1103 1932 Seleucus
1132 1890 1326 1942 Nicator,
1356 1901 1450 1930 cum
1479 1889 1570 1943 ipse

154 1966 311 2012 terras,
347 1972 456 2014 quae
483 1959 591 2005 inter
621 1958 880 2012 Euphratem
914 1963 955 2000 et
984 1970 1101 1999 mare
1135 1957 1485 1999 mediterraneum
1517 1957 1569 1999 si-

155 2036 225 2074 tae
256 2035 388 2081 erant,
415 2028 495 2071 sibi
524 2027 735 2079 retineret,
765 2027 806 2068 iu
836 2026 1119 2082 superioribus
1151 2025 1271 2079 regni
1300 2025 1596 2078 praefecturis-

156 2111 336 2154 regnare
359 2096 500 2153 jussit,
531 2095 676 2138 sedem
708 2095 786 2137 sibi
816 2095 994 2149 elegisse
1021 2093 1257 2137 Seleuciam
1282 2095 1352 2134 vix
1373 2093 1569 2137 dubitem.

156 2169 329 2211 Veteres
358 2166 582 2220 scriptores
614 2164 666 2206 de
698 2163 816 2218 regni
847 2163 1053 2206 divisione
1081 2176 1107 2204 a
1138 2162 1315 2205 Seleuco
1346 2161 1459 2204 sacta
1487 2168 1569 2204 tra-

156 2235 439 2291 dunt-haec&
500 2232 734 2275 Antiochus
765 2245 908 2275 amore
939 2244 1147 2274 novercae
1170 2243 1272 2273 suae
1297 2230 1574 2281 Stratonicae,

161 2303 361 2348 Demetrii
393 2301 654 2345 Poliorcetae
680 2301 799 2350 filiae,
831 2313 940 2353 quac
961 2299 1054 2353 jam
1086 2312 1108 2341 e
1139 2298 1316 2341 Seleuco
1337 2298 1572 2354 complures

155 2374 308 2417 liberos
337 2374 574 2429 pepererat,
604 2375 752 2424 captus
780 2369 821 2411 in
852 2368 1040 2410 morbum
1072 2380 1247 2422 gravem
1277 2366 1428 2410 incidit.
1480 2368 1573 2409 Rex

155 2455 182 2484 a
221 2441 384 2484 medico
428 2438 685 2482 Erasistrato
726 2438 778 2480 dc
810 2450 910 2480 vera
938 2436 1071 2479 morbi
1100 2449 1230 2479 causa
1259 2434 1410 2478 certior
1436 2434 1570 2478 faetus

249 2550 284 2594 l)
312 2549 446 2586 Strabo
470 2550 573 2593 XVI,
600 2550 684 2584 7295:
723 2550 801 2593 „nni
828 2548 893 2592 γάρ
921 2551 1043 2585 ἐκεῖνος
1067 2550 1129 2592 (sc.
1154 2549 1333 2592 Σέλευκος)
1358 2547 1414 2580 καὶ
1440 2550 1475 2579 οὶ
1497 2541 1569 2591 μετ’

155 2604 259 2640 αὖιὸν
292 2606 439 2646 ἅπαντες
472 2609 552 2652 περὶ
582 2606 709 2649 ‘casnm'
735 2603 950 2640 ἐσπούδασαν
967 2604 1029 2649 τὴν
1053 2605 1155 2639 πόλιν
1179 2607 1236 2638 καὶ
1260 2603 1300 2637 τὸ
1321 2605 1493 2647 βασίλειον
1517 2608 1570 2637 ἐν-

154 2665 277 2698 ταῦθα
301 2662 542 2710 ,ιιεινζνεγκοινέι
567 2666 612 2700 cf.
639 2665 798 2699 Pausan.
826 2664 851 2707 1,
880 2666 930 2707 10,
955 2666 987 2698 4.
1014 2664 1065 2706 16,
1089 2665 1121 2698 3.

245 2723 282 2768 2)
308 2723 467 2769 Appian.
493 2722 574 2767 Syr.
596 2722 650 2765 639,
677 2723 729 2755 70.
774 2721 868 2756 Plut
896 2721 1046 2755 Demetr
1077 2720 1133 2763 38,
1157 2720 1209 2754 39.
1248 2718 1400 2753 Luciau.
1433 2717 1477 2752 de
1498 2717 1567 2752 dea

155 2779 236 2825 Syr.
265 2779 316 2815 17.
342 2779 387 2814 ef.
416 2779 558 2823 Flathe,
588 2779 809 2815 Geschiehtc
836 2778 1093 2814 Macedonicus
1118 2781 1185 2811 cte.
1211 2775 1282 2810 vol.
1305 2775 1354 2810 11.
1382 2786 1414 2820 p.
1441 2775 1493 2811 51.
