1955 3262
755 322 1034 365 —47—

186 441 348 498 imperii
378 438 561 483 Romani
593 439 737 490 urbes,
770 452 891 492 quae,
933 438 1126 491 quamvis
1153 438 1239 480 suis
1271 438 1434 493 legibus
1463 440 1605 483 vivere

185 516 368 566 possent.
401 516 541 551 tamen
572 509 836 563 imperatoris
858 508 996 562 capite
1017 508 1238 562 insignitos
1259 508 1470 550 cudebant.
1487 522 1604 550 num—

184 592 288 622 mos.
352 578 612 621 Eckheliusssi
651 577 950 619 animadvertit
984 577 1182 618 fabricam
1214 577 1254 617 iu
1283 577 1511 630 primorum
1543 591 1602 620 rc-

186 660 286 700 gum
336 647 517 689 nummis
569 646 835 688 eonnnodam
871 645 1070 699 deinceps
1109 644 1166 686 sic
1207 644 1514 700 degenerasse,
1563 650 1607 687 ut.

186 715 312 770 plane
342 715 611 769 intelligatur,
641 715 879 757 universum
915 727 1009 756 eum
1041 719 1218 755 tractum
1249 714 1288 755 in
1309 718 1494 757 veterem
1514 716 1607 757 bar-

185 784 345 827 bariem
375 784 631 838 prolapsum.
692 783 899 824 Nimirum
938 783 1122 824 Graecos
1154 782 1350 835 artifices,
1384 783 1454 836 qui
1484 789 1610 838 capta

187 865 211 893 a
230 851 688 894 MacedonihusPersia
703 857 814 892 artes
843 850 1090 904 invexerint,
1123 852 1237 905 ipsos
1267 851 1375 893 inter
1407 852 1609 894 barbaras

187 925 336 974 gentes
373 921 532 975 positos
570 920 861 973 degenerasse.
924 919 1062 969 Quam
1101 919 1338 961 barbariem
1368 932 1450 961 non
1483 919 1609 961 modo

190 989 379 1045 picturae.
436 989 659 1031 ruditatem
693 988 980 1043 comprobare,
1032 987 1107 1029 sed
1161 988 1287 1029 ctiam
1348 988 1610 1043 epigraphen

193 1059 332 1100 omnis
363 1058 597 1100 sententiae
626 1071 753 1112 saepe
780 1057 1051 1112 experteni.*)

302 1126 414 1169 Satis
457 1127 655 1168 credibile
695 1131 780 1178 est,
821 1127 944 1168 ctiam
979 1124 1214 1167 Seleuciam
1247 1137 1298 1166 ex
1331 1125 1524 1167 omnibus
1552 1138 1614 1167 re-

191 1195 386 1249 gionibus
414 1195 599 1237 Graecos
621 1200 841 1248 mercatus,
867 1194 1139 1248 opificiorum,
1173 1193 1324 1234 artium
1341 1206 1493 1236 caussa
1518 1207 1613 1235 con-

187 1263 371 1306 fluxisse.
434 1262 554 1313 Quae
577 1277 642 1305 res
675 1276 757 1305 non
789 1263 922 1317 potuit
953 1275 1037 1304 non
1069 1274 1248 1316 magnas
1275 1261 1317 1303 in
1334 1262 1616 1316 superioribus

187 1331 316 1374 Asiae
368 1332 594 1387 provinciis
646 1332 896 1374 mutationes
931 1332 1105 1373 efficere.
1164 1330 1422 1372 Graecorum
1466 1343 1615 1385 sermo,

190 1413 340 1454 mores,
373 1401 519 1442 literae
545 1400 652 1442 inter
683 1401 885 1443 barbaros
916 1413 1083 1453 quoque
1101 1398 1275 1440 diffundi
1293 1402 1485 1453 coeptae,
1518 1412 1616 1440 nam

187 1470 248 1512 ita
273 1469 355 1511 fert
386 1475 558 1524 natura,
600 1475 645 1511 ut
681 1469 862 1523 populus
902 1468 1050 1511 cultior
1082 1472 1194 1510 artes
1224 1479 1324 1509 suas
1355 1480 1449 1508 cum
1480 1467 1617 1510 minus

189 1537 300 1580 culto
326 1537 615 1581 communicet.
675 1538 809 1592 Igitur
839 1537 985 1579 Parthi
1016 1549 1204 1589 quoque,
1246 1535 1316 1587 qui
1345 1542 1442 1590 post
1473 1535 1619 1578 Seleu-

189 1607 306 1650 cidas
334 1606 561 1662 superioris
590 1606 717 1648 Asiae
751 1606 1083 1648 dominationem
1113 1605 1386 1653 exercebant,
1407 1605 1462 1646 ad
1488 1604 1617 1647 Grae-

191 1689 334 1718 corum
376 1689 514 1719 mores
554 1689 600 1719 se
639 1676 977 1727 conformabant,
1006 1674 1321 1717 Seleucidarum
1346 1673 1498 1715 festum
1528 1673 1619 1714 imi-

191 1744 391 1786 tabantur
419 1744 675 1804 ἐπιφανοῦς,
706 1741 1032 1803 ([ιλοπάτορος,
1071 1742 1182 1784 Θεοῦ
1208 1746 1248 1783 et
1276 1753 1443 1795 semper
1476 1743 1618 1799 φιλέλ-

194 1814 323 1863 ληνος
361 1812 503 1855 titulos
544 1817 780 1864 sumentes,
823 1824 1019 1853 nummos
1050 1810 1211 1852 Graece
1242 1809 1463 1863 inscriptos
1497 1808 1621 1850 cude-

193 1881 296 1923 bant
315 1885 355 1923 et
369 1881 522 1924 Graeci
543 1881 748 1924 sermonis
768 1894 839 1923 eos
869 1880 996 1922 fuisse
1033 1879 1200 1933 peritos,
1235 1877 1357 1920 docet
1386 1877 1475 1931 hoc,
1509 1875 1622 1929 quod

193 1950 436 1993 acroasibus
466 1955 687 2005 poetarum
720 1950 978 1992 Graecorum
1011 1947 1205 1990 convivia
1232 1946 1471 1988 condibant.
1511 1945 1614 1987 Cum

198 2018 255 2060 ad
274 2018 459 2061 Orodem
479 2019 733 2061 Parthorum
762 2030 904 2072 regem
934 2016 1077 2060 Crassi
1096 2019 1223 2070 caput.
1243 2014 1496 2069 perferretur
1514 2013 1621 2054 inter

193 2087 341 2142 epulas
371 2101 466 2130 cum
496 2088 736 2130 Artavasde
768 2085 967 2128 Armenio
1010 2084 1352 2127 decantabantur
1388 2082 1497 2124 forte
1537 2082 1617 2123 for-

288 2227 323 2273 7)
347 2225 489 2261 Eckhel
517 2225 580 2268 ΙΙΙ7
606 2225 683 2259 542.
707 2223 753 2259 cf.
781 2223 823 2258 Ο.
849 2222 993 2266 Miiller,
1016 2221 1164 2256 Handb.
1192 2219 1255 2254 der
1275 2218 1387 2253 Arch.
1411 2218 1475 2253 der
1492 2217 1618 2252 Kunst

193 2287 213 2327 ξ
241 2285 316 2320 162.
354 2283 534 2326 Visconti,
556 2283 722 2328 Iconogr.
750 2293 804 2326 gr.
827 2280 894 2323 ΙΙΙ,
922 2279 997 2313 11‘2.
1047 2277 1257 2312 Viscontius
1288 2276 1438 2320 conjicit
1461 2285 1534 2308 non
1570 2275 1622 2308 in-

190 2342 302 2388 juria,
330 2346 372 2376 ut
395 2340 485 2375 mihi
505 2339 830 2382 videtur,Partl1os
855 2347 970 2383 usque
995 2336 1043 2370 ad
1067 2334 1249 2369 Bardanis
1274 2337 1430 2368 aetatem
1457 2336 1622 2365 monetas

194 2399 383 2435 Seleuciae
408 2397 594 2432 cudendas
615 2407 772 2431 curasse.
812 2394 905 2428 Nam
921 2393 982 2428 ille
1001 2392 1191 2427 Bardanes
1217 2389 1402 2425 Seleuciae
1416 2388 1620 2434 potentiam

195 2455 405 2491 deminuere
430 2454 622 2496 studebat,
665 2452 944 2497 Ctesiphontem
976 2447 1208 2484 omnimodo
1241 2457 1390 2492 augens.
1442 2444 1619 2487 Miounct,

198 2513 326 2559 Suppl.
353 2512 457 2555 Vlll,
484 2524 519 2556 p.
548 2512 625 2545 411.
677 2512 715 2555 *)
741 2510 905 2544 Litterae
930 2507 1149 2554 procedente
1174 2510 1337 2550 tempore
1368 2502 1478 2537 miras
1508 2505 1620 2536 meta—

195 2570 413 2616 morphosas
443 2580 572 2614 passae
603 2572 698 2602 sunt.
747 2567 932 2612 Scriptum
964 2570 1020 2599 est
1050 2563 1195 2609 saepius
1227 2565 1249 2602 †
1276 2572 1341 2606 pro
1369 2563 1400 2592 Φ
1426 2564 1462 2594 et
1488 2561 1529 2600 [J
1555 2568 1621 2603 pro

194 2626 225 2662 Ο
250 2631 286 2663 et
310 2626 454 2661 similia.
501 2627 614 2661 Plura
643 2626 687 2660 de
713 2626 780 2660 hac
806 2636 844 2659 re
870 2623 969 2669 apud
1001 2621 1150 2656 Eckhel.
1176 2632 1213 2664 p.
1239 2619 1318 2653 543.
