1955 3262
758 311 1044 354 -35-

185 423 415 466 nonnullae
452 414 561 467 aliae
602 438 667 466 res
699 424 905 467 (lelieatae
936 432 1342 479 commemorantur,
1383 426 1424 468 in
1456 426 1606 480 quibus

185 498 460 536 numerantur
500 506 637 546 aquae
673 493 895 548 odoratae,
929 508 1124 549 gemmae
1167 495 1353 549 scalptae
1387 503 1426 537 et
1458 495 1608 538 bacula

187 565 278 604 arte
306 561 498 614 saman)
531 561 719 604 Gemmis
770 562 1010 616 mirvlonios
1041 564 1164 605 etiam
1196 568 1342 618 postea
1375 564 1450 606 sub
1480 565 1610 606 Grae-

186 628 246 672 cis
293 630 463 684 regibus
494 643 590 673 usos
623 642 715 672 esse
746 630 881 672 anulis
911 631 1152 684 signatoriis
1180 645 1466 686 magnumque
1496 646 1607 674 eom-

186 697 387 741 mercium
418 697 646 740 instituisse
685 711 759 752 per
793 712 959 740 omnem
993 699 1078 741 fere
1108 700 1253 741 Asiam
1286 701 1386 743 satis
1417 706 1610 744 constare

186 765 362 809 videtur.

301 834 407 877 Cum
442 835 485 876 in
527 833 667 875 media
701 834 787 875 fere
826 834 944 887 regni
976 840 1095 889 parte
1127 836 1263 890 posita
1295 843 1405 880 esset
1435 852 1483 880 ae
1515 838 1605 893 pari

184 902 274 946 fere
303 903 524 945 intervallo
557 903 610 944 ab
640 902 746 945 Indo
779 907 818 944 et
849 903 945 943 Nilo
978 903 1112 945 fluviis
1143 905 1335 957 distaret,
1378 907 1486 948 unde
1513 907 1606 948 viae

185 971 312 1015 simul
341 985 510 1026 quoquo
539 984 686 1013 versus
719 971 992 1025 aperirentur,
1025 973 1173 1024 quibus
1205 974 1310 1016 inter
1342 984 1468 1029 caput
1488 976 1606 1029 regui

187 1054 418 1094 omnesque
460 1040 697 1095 provincias
736 1045 827 1081 tuta
855 1049 982 1093 atque
1013 1048 1126 1084 certa
1155 1043 1406 1085 eommercia.
1434 1043 1607 1085 interce·

186 1109 287 1152 dere
316 1114 507 1164 possent,
537 1108 729 1150 Seleucia
761 1108 841 1150 loci
862 1108 954 1162 jam
983 1110 1295 1163 opportunitate
1327 1112 1500 1166 egregie
1530 1112 1609 1154 sita

187 1183 278 1221 erat
320 1178 377 1220 ad
413 1177 515 1219 illud
557 1177 797 1219 commercii
828 1190 983 1230 genus,
1016 1179 1128 1231 quod
1160 1185 1346 1221 mutuum
1380 1194 1453 1223 seu
1484 1180 1608 1222 inter-

186 1246 373 1290 medium
416 1245 888 1301 (,‚Zwisehenhandel“)
940 1248 1155 1301 appellare
1192 1248 1326 1291 liceat.
1396 1250 1470 1291 Est
1509 1262 1607 1291 vero

185 1315 294 1358 haec
330 1321 568 1358 mercam-et
610 1314 644 1357 si
685 1327 796 1368 quae
836 1315 920 1356 alia
959 1322 1062 1370 apta
1101 1317 1157 1358 ad
1185 1331 1363 1371 magnos
1394 1318 1609 1360 faciendos

186 1389 408 1438 quaestus,
441 1397 536 1425 cum
579 1388 835 1425 mercatores
873 1396 1030 1425 merces
1074 1384 1127 1426 ab
1166 1385 1257 1427 aliis
1299 1391 1486 1429 eoemtas
1526 1400 1610 1428 non

184 1452 276 1496 sine
299 1466 456 1507 magno
485 1452 601 1494 luero
637 1451 729 1494 aliis
756 1452 906 1494 iterum
935 1452 1133 1495 vendunt.

299 1521 399 1564 Jam
428 1533 528 1562 vero
560 1519 615 1562 ad
646 1520 899 1562 commercia
927 1521 1021 1575 ipsa
1040 1521 1355 1564 Seleucensium
1376 1535 1470 1564 eum
1492 1535 1611 1577 pere-

188 1589 319 1644 grinis
348 1588 543 1644 gentibus
564 1589 679 1631 faeta
716 1589 982 1633 accedamus.
1042 1591 1219 1632 Maximi
1250 1591 1450 1647 momenti
1492 1597 1609 1632 erant

183 1671 280 1702 cum
306 1657 457 1701 Indiae
488 1657 683 1712 gentibus
714 1659 975 1701 commercia.
1037 1659 1170 1701 Sedes
1202 1667 1320 1702 erant
1349 1665 1611 1702 mercaturae

183 1726 356 1770 Indicae
396 1726 440 1768 in
477 1725 597 1768 terris
643 1726 749 1768 inter
776 1727 927 1768 Indum
961 1737 1000 1769 et
1028 1727 1222 1781 Gangem
1255 1728 1416 1779 sitis.¹²)
1478 1728 1608 1781 Cujus

188 1795 356 1850 generis
381 1799 523 1837 autem
551 1794 721 1836 Indicae
751 1808 911 1837 merces
943 1796 1115 1848 fuerint,
1144 1797 1262 1838 nobis
1292 1811 1317 1837 a
1346 1797 1484 1838 multis
1514 1796 1612 1838 scri-

184 1863 376 1919 ptoribus
405 1862 607 1905 traditum
639 1868 713 1905 est.
732 1864 783 1914 ¹3)
843 1865 941 1906 Jam
974 1865 1177 1906 Herodoti
1196 1866 1246 1918 ¹4)
1274 1870 1412 1907 aetate
1446 1870 1613 1919 praeter

185 1945 337 1974 aurum
369 1936 411 1974 ct
441 1931 543 1973 ebur
577 1938 929 1974 commemoratur
960 1933 1284 1975 cinnamomum.
1336 1934 1452 1975 Haec
1469 1933 1611 1975 onmia

188 2007 230 2044 et
258 1995 523 2050 suffimenta,
551 2004 744 2040 aromata
775 2000 994 2053 omnisque
1028 2001 1194 2055 generis
1225 2001 1492 2043 condimenta
1524 2015 1609 2043 ma.-

186 2069 302 2112 xime
325 2069 513 2111 Arabum
544 2068 777 2109 interventu
811 2083 862 2110 ex
895 2069 1011 2110 India
1045 2070 1297 2119 affluebant,
1338 2070 1409 2122 qui
1440 2070 1611 2112 interro-

187 2138 297 2193 gati,
331 2137 500 2180 ubinam
529 2135 602 2177 illa
632 2136 899 2178 condimenta
932 2139 1217 2192 provenirent,
1251 2138 1294 2180 id
1323 2154 1366 2179 se
1397 2139 1609 2192 cognitum

187 2206 344 2249 habere
372 2207 600 2260 negabant,
633 2217 684 2245 ne
708 2205 777 2247 alii
795 2213 1048 2248 mercatores
1076 2206 1152 2247 hot:
1168 2207 1462 2248 commercium
1484 2221 1609 2260 quae-

188 2318 400 2364 Bambyca,
445 2329 555 2365 cluam
586 2319 761 2355 Seleueus
795 2319 947 2354 Nicator
985 2320 1127 2353 vocavit
1151 2320 1384 2365 Hier-aptum,
1417 2320 1610 2354 momoriae

186 2375 361 2422 pro-fidit.

281 2434 338 2478 11)
363 2433 518 2477 Πρω-οη,
544 2434 655 2469 Ideen
679 2439 746 2469 ote.
775 2435 801 2477 Ι7
831 2436 858 2468 1.
887 2446 919 2479 p.
948 2433 991 2466 95
1021 2445 1072 2478 sq.
1102 2433 1126 2470 1,
1152 2434 1181 2464 ‘2
1209 2432 1286 2465 2055.
1315 2432 1447 2466 Herod.
1475 2432 1503 2475 Ι,
1530 2433 1608 2476 195,

188 2489 374 2536 Tbeophr.
400 2490 466 2525 his.
492 2491 607 2536 plant.
639 2491 679 2529 V.
702 2491 723 2526 4
750 2495 768 2532 ξ
799 2491 830 2524 ῖ.

280 2547 337 2589 12)
363 2547 446 2582 Vid.
472 2547 629 2592 Heeren,
656 2550 845 2583 comment
883 2559 952 2581 soe.
981 2547 1104 2581 seiont.
1132 2547 1299 2590 Gotting.
1326 2546 1394 2579 vol.
1416 2546 1482 2589 XI,
1502 2559 1534 2591 p.
1553 2547 1604 2581 7⁶2.

281 2604 339 2651 13)
363 2604 434 2639 vid.
461 2604 673 2642 Hoffmann.
697 2606 830 2640 (ieseh.
857 2605 920 2638 des
945 2604 1108 2638 Hamis-is
1137 2609 1202 2636 (etv.
1222 2615 1255 2648 p.
1287 2604 1348 2636 1113
1380 2616 1456 2648 sqq.

280 2661 341 2706 14)
365 2661 500 2697 Herod.
527 2662 595 2706 III,
623 2664 708 2705 Ill„
734 2662 779 2697 ef.
805 2662 1018 2703 Hoffmann,
1045 2674 1078 2705 p.
1110 2661 1181 2693 1¹3⁷).

281 2719 340 2765 15)
364 2719 501 2755 Herod.
530 2719 553 2754 l.
578 2720 601 2754 l.

1326 2773 1371 2806 ,Ψ
