1955 3262
742 309 1025 352 ‚21-

183 433 298 477 ditae
330 446 353 475 e
382 423 521 475 fluvio
541 427 658 483 regio
691 425 884 470 canalem
915 420 1167 465 latissimum
1181 418 1296 459 recta
1326 414 1369 456 in
1387 408 1606 465 Tigridem

184 502 378 557 duxisse,
420 513 469 542 co
501 497 700 551 consilio,
733 500 777 537 ut
807 495 850 536 in
883 491 995 534 urbis
1025 487 1259 531 meridiana
1288 482 1483 538 regione,
1524 492 1606 533 quo

184 571 244 613 illi
273 570 356 613 duo
389 569 560 611 canales
592 565 862 612 confluerent,
895 564 1061 616 portum
1098 554 1384 606 constitueret,
1429 549 1500 603 qui
1538 560 1608 590 vc-

186 644 327 684 cturas
377 637 564 690 undique
608 637 850 690 asportatas
898 628 1135 683 reciperet?
1197 621 1451 665 Consociare
1498 617 1609 660 enim

188 711 356 765 poterat
386 707 441 749 ibi
473 718 630 759 omnes,
665 703 734 756 qui
765 700 935 743 Indicas
970 695 1256 747 Arabicasque
1283 701 1443 732 merces
1465 700 1488 729 e
1517 686 1612 729 sinu

187 777 357 821 Persico
377 775 558 818 adverso
580 772 751 814 flumine
782 783 858 825 per
876 763 1209 810 Nahrmalcham
1240 761 1280 802 in
1316 759 1432 800 illum
1467 754 1611 798 Seleu-

186 847 277 889 ciae
297 849 464 900 portum
484 841 728 894 afferebant,
763 837 914 881 deinde
938 835 1009 889 qui
1038 846 1091 875 ex
1125 828 1368 885 regionibus
1400 823 1610 868 montanis

188 913 372 957 secundo
402 911 572 954 flumine
605 908 905 957 adventabant,
934 907 1147 959 postremo
1179 898 1248 952 qui
1281 910 1302 939 e
1335 895 1464 950 Syria
1495 897 1536 936 et
1562 892 1616 934 ab

189 983 273 1025 oris
304 981 434 1023 maris
467 977 761 1021 mediterranei
794 973 1138 1019 commerciorum
1167 979 1298 1011 causa
1326 978 1400 1020 per
1422 961 1614 1017 Euphra-

189 1057 274 1094 tem
295 1055 336 1094 et
359 1047 692 1093 Nahrmaleham
718 1043 954 1087 Seleuciam
972 1037 1322 1092 commigrabant.
1365 1029 1614 1076 MalalasM)

190 1134 239 1163 eo
279 1120 396 1174 loco,
433 1131 514 1171 quo
547 1116 743 1159 Julianus
773 1114 815 1155 in
845 1110 1064 1166 Tigridem
1094 1107 1348 1159 vehebatur,
1387 1102 1494 1144 duos
1520 1099 1617 1141 illos

190 1188 351 1238 fluvios,
378 1185 711 1230 Nahrmalcham
732 1187 773 1225 et
791 1180 965 1236 Tigrim,
996 1179 1135 1220 lacum
1156 1174 1345 1218 effecisse
1362 1182 1616 1214 commemo-

191 1262 271 1302 rat.
331 1256 411 1307 Qui
451 1256 568 1297 lacus
607 1267 690 1296 non
723 1251 830 1293 alius
863 1249 945 1292 nisi
984 1248 1063 1290 iste
1105 1259 1127 1287 e
1167 1239 1458 1286 Nahrmalcha
1494 1248 1623 1291 supra

194 1326 363 1370 Cochen
402 1329 444 1368 et
486 1321 804 1377 Ctesiphontem
843 1318 1049 1360 deductus
1083 1314 1212 1356 fuisse
1256 1310 1422 1352 videtur
1449 1305 1622 1354 canalis,

197 1408 322 1450 quem
353 1393 606 1436 latissimum
637 1390 767 1432 fuisse
798 1387 1050 1429 Ammianus
1080 1381 1263 1425 tradidit.
1325 1376 1462 1420 Hodie
1497 1373 1623 1416 etiam

194 1465 239 1507 in
257 1462 493 1505 meridiana
513 1460 729 1503 ruinarum
745 1461 866 1513 parte
886 1456 1003 1498 lacus
1020 1449 1337 1495 Nahrmalchae
1359 1444 1553 1489 cernitur.
1567 1443 1625 1493 45)

199 1533 335 1586 Quem
376 1532 515 1574 lacum
546 1528 762 1583 quondam
795 1526 923 1569 fuisse
955 1521 1175 1566 Seleuciae
1205 1521 1373 1574 portum
1409 1513 1511 1558 satis
1540 1524 1626 1554 cre-

201 1601 328 1646 dibile
355 1600 531 1643 videtur.
602 1599 825 1650 Utcunque
867 1607 966 1636 vcro
996 1605 1063 1635 res
1093 1603 1188 1633 sese
1219 1588 1367 1637 habet,
1397 1584 1440 1626 id
1457 1581 1627 1636 quidem

203 1686 279 1728 pro
298 1675 412 1714 certo
434 1669 639 1711 habemus
666 1664 1002 1709 Nahrmalcham
1023 1661 1199 1715 ejusque
1219 1655 1386 1700 brevius
1411 1642 1629 1694 brachium

204 1739 440 1784 Seleuciam
471 1738 617 1781 urbem
648 1750 674 1778 a
704 1734 939 1777 meridiana
974 1735 1095 1786 parte
1124 1727 1329 1775 adluisse,
1362 1724 1416 1765 ab
1441 1718 1634 1763 orientali

206 1814 329 1866 parte
370 1807 485 1850 haud
534 1805 682 1861 procul
733 1818 759 1845 a
806 1801 925 1856 Tigri
971 1799 1210 1841 distantem.
1287 1795 1383 1836 Non
1436 1794 1499 1833 est
1545 1801 1631 1831 cre-

207 1878 354 1933 dibile,
396 1879 561 1918 tantum
604 1873 760 1915 flumen
799 1871 904 1921 (scil.
948 1864 1298 1914 Nahrmalcham)
1341 1875 1416 1916 per
1445 1857 1630 1901 mediam

209 1948 353 1990 urbem
385 1957 551 1987 measse
582 1955 760 1995 eamque
791 1939 995 1982 divisisse.
1056 1937 1111 1978 At
1132 1947 1227 1976 cunr
1254 1929 1459 1979 Seleucia,
1486 1929 1633 1982 utpote

210 2029 320 2070 quae
350 2014 448 2057 urbs
479 2009 640 2066 ingenti
669 2010 901 2052 incolarum
936 2003 1204 2048 multitudine
1234 1999 1516 2049 habitaretur,
1548 1996 1634 2038 late

210 2089 375 2142 pateret
405 2082 624 2134 multaque
655 2078 844 2121 aedificia
876 2077 965 2119 sine
982 2074 1107 2117 dubio
1125 2071 1251 2114 etiam
1272 2070 1313 2111 in
1332 2065 1634 2116 meridianaffi)

213 2152 530 2197 Nahrmalchae
564 2149 742 2203 ejusque
773 2145 945 2189 minoris
976 2142 1134 2186 brachii
1167 2144 1288 2196 parte
1317 2136 1455 2193 posita
1483 2136 1634 2188 essent,

214 2223 376 2269 Plinius
394 2222 453 2274 47)
485 2220 665 2261 fortasse
696 2216 878 2269 quodam
906 2214 1003 2268 jure
1028 2208 1359 2254 Nahrmalcham
1391 2217 1466 2259 per
1499 2202 1637 2257 ipsam

214 2294 361 2336 urbem
401 2288 558 2332 vadere
596 2285 733 2341 potuit
769 2283 947 2327 diceress
1009 2285 1046 2322 A
1089 2278 1308 2332 Babylone
1349 2271 1534 2315 distabat
1562 2269 1636 2311 Se-

304 2402 362 2440 44)
388 2401 512 2436 Malal.
539 2399 645 2443 XUI,
671 2411 705 2444 p.
733 2397 800 2432 329
829 2396 871 2430 ed
898 2394 1014 2429 1301111.
1059 2393 1138 2436 „nal
1170 2389 1338 2432 εἰσῆλθον
1369 2387 1415 2422 εἰς
1446 2383 1505 2416 τὸν
1532 2379 1640 2415 αὐτὸν

221 2459 336 2503 Τίγριν
360 2456 539 2502 ποταμὸν,
572 2454 664 2490 ὅπου
689 2457 869 2499 μίγνυνται
896 2454 931 2485 οἱ
960 2447 1023 2484 δύο
1049 2448 1205 2492 ποταμοὶ
1231 2446 1288 2478 καὶ
1322 2442 1533 2476 ἀποτελοῦσι
1559 2441 1640 2484 λίμ-

217 2527 274 2558 νην
295 2514 482 2559 μεγά),ηι·.“

309 2572 368 2616 45)
391 2572 499 2615 Rich,
523 2570 718 2606 Narrative
748 2573 813 2604 etc.
838 2567 908 2602 vol.
937 2566 983 2610 11,
1009 2577 1043 2611 p.
1070 2564 1147 2600 405.

310 2629 373 2675 46)
401 2630 580 2672 Mannert,
605 2628 741 2673 Geogr.
767 2631 834 2661 etc.
862 2625 906 2668 V,
931 2625 952 2658 2
980 2635 1012 2668 p.
1039 2622 1117 2656 398.

311 2686 370 2731 47)
394 2686 440 2722 V.
465 2688 519 2721 26.
542 2686 596 2721 90.
621 2685 773 2720 *Cellan
801 2682 886 2719 Orb.
913 2686 987 2716 ant.
1012 2680 1118 2714 notit.
1143 2677 1213 2712 vol.
1238 2674 1305 2718 III,
1329 2685 1362 2719 p.
1390 2672 1454 2706 720
1480 2668 1643 2704 Plinium

221 2744 483 2790 interpretatur
506 2741 778 2789 Theophylacti
804 2740 1026 2776 Simocattac
1052 2735 1189 2773 verbis:
1218 2731 1370 2778 ,βιαῤῥεῐ
1407 2729 1468 2770 τῆς
1491 2726 1646 2759 Σελευκ-
