1971 3246
863 373 1149 418 *16*-

301 489 424 547 cepit.
481 490 608 546 Apud
660 491 793 546 Syros
843 491 1034 542 „Pheruz
1085 492 1247 548 Sapor“
1295 497 1335 535 et
1383 491 1498 549 apud
1538 490 1729 537 ,Iudaeos

301 562 461 613 „Peruz
495 560 726 603 Seiabbur“
763 561 1067 615 appellabatur.

415 629 592 670 Maximi
621 632 761 671 autem
796 634 858 671 est
887 629 1103 682 momenti,
1135 630 1249 682 quod
1279 630 1493 672 Abulfeda
1509 631 1560 683 25)
1601 630 1728 673 homo

300 698 467 740 illarum
510 699 729 752 regionum
762 697 1038 752 peritissimus
1068 698 1205 740 refert.
1269 699 1586 741 Commemorat
1616 699 1727 741 enim

301 780 435 821 prope
475 767 526 807 El
567 767 781 808 Anbar-am
825 765 1149 822 (Pirisaboram)
1192 767 1268 808 sub
1298 772 1426 821 ponte
1462 768 1660 809 Dahama
1686 768 1729 809 in

301 847 452 889 campo
485 834 633 887 Feluje
665 835 774 876 dieto
807 834 1012 884 canalem,
1045 835 1115 887 qui
1148 848 1302 876 nomen
1328 835 1523 878 habeata
1550 836 1727 892 Calipho

300 907 383 958 Isa,
418 905 470 946 ab
503 904 730 959 Euphratis
763 905 884 946 alveo
916 904 1133 946 divertere.
1196 904 1266 946 Sic
1298 904 1422 947 hodie
1458 918 1627 958 quoque
1662 919 1728 948 res

297 973 575 1018 inveniuntur,
637 974 747 1014 Nam
777 973 1070 1028 peregrinator
1110 973 1622 1027 A11g10-Britannicus‚²⁶)
1657 975 1728 1027 qui

301 1041 394 1083 illas
426 1041 619 1095 regiones
652 1046 938 1095 perscrutatus
966 1045 1028 1082 est
1035 1073 1049 1094 ,
1083 1041 1191 1082 inter
1222 1041 1469 1083 orientalem
1500 1042 1729 1097 Euphratis

300 1110 434 1165 ripam
468 1116 509 1152 et
538 1110 653 1151 illum
685 1110 876 1151 canalem
896 1109 996 1159 (scil.
1021 1110 1141 1151 Nahr
1159 1110 1294 1165 Isam)
1323 1109 1467 1152 ruinas
1488 1110 1601 1153 urbis
1620 1123 1730 1164 quae

298 1179 498 1221 Medinah
531 1179 556 1222 i.
587 1191 619 1220 e.
652 1180 750 1220 urbs
779 1191 851 1220 seu
883 1177 961 1220 Om
994 1178 1127 1219 Barra
1163 1177 1186 1220 i.
1219 1191 1253 1219 e.
1285 1178 1432 1220 Anbar
1469 1178 1726 1230 dicebantur,

298 1248 490 1302 repperit.
550 1249 684 1289 Immo
716 1247 857 1301 pontis
888 1247 1036 1288 ruinae
1064 1246 1234 1288 nomine
1275 1247 1495 1301 „Dehme“
1533 1261 1582 1290 eo
1622 1249 1727 1305 1000,

301 1330 383 1369 quo
398 1318 518 1359 Nahr
538 1318 607 1358 Isa
627 1330 679 1358 ex
708 1317 925 1370 Euphrate
948 1316 1163 1358 derivatus
1184 1320 1260 1369 est,
1277 1315 1320 1357 in
1344 1315 1556 1371 Chesneyi
1571 1331 1730 1373 mappa

299 1386 481 1440 septima
531 1386 689 1427 relatae
732 1389 839 1428 sunt.
912 1386 993 1427 Vix
1034 1385 1161 1439 igitur
1200 1385 1379 1427 dubitari
1422 1386 1584 1440 poterit,
1629 1387 1728 1440 quin

299 1454 551 1497 Ammianus
603 1454 874 1496 Marcellinus
916 1455 1080 1507 XXIV,
1124 1455 1162 1496 2.
1205 1458 1242 1495 ὅ.
1317 1454 1435 1495 Nahr
1475 1456 1613 1510 Isam,
1663 1455 1730 1499 cui

300 1529 465 1566 veteres
497 1523 720 1578 scriptores
750 1536 904 1565 nomen
946 1522 1162 1577 proprium
1195 1536 1277 1564 non
1309 1522 1727 1579 imposuerunt,.pro

299 1592 591 1635 Nahrmalcha
609 1591 811 1647 habuerit,
841 1591 911 1644 qui
944 1591 1082 1645 magis
1111 1591 1153 1632 in
1178 1590 1397 1632 meridiem
1432 1593 1546 1646 apud
1577 1592 1728 1648 vicum,

301 1675 426 1715 quem
458 1661 668 1703 Massicen
699 1661 858 1702 Plinius
876 1662 925 1712 ²⁷)
958 1660 1165 1715 appellat,
1198 1661 1364 1702 alveum
1400 1661 1627 1716 Euphratis
1657 1675 1729 1704 ex—

304 1730 438 1773 cessit.
502 1731 567 1771 Ex
600 1729 793 1772 omnibus
832 1729 958 1783 igitur
987 1729 1165 1784 intelligi
1195 1734 1346 1784 potest,
1379 1729 1616 1772 Seleuciam
1647 1744 1731 1773 non

306 1799 415 1840 infra
443 1799 800 1854 Nahrmalcham,
843 1798 918 1840 sed
950 1800 1089 1853 potius
1119 1798 1228 1839 infra
1255 1798 1374 1840 Nahr
1404 1799 1518 1841 Isam
1548 1799 1732 1854 positam

302 1868 441 1910 luisse.
503 1870 704 1909 Attamen
734 1872 841 1922 sunt,
877 1866 947 1920 qui
979 1867 1217 1909 Seleuciam
1248 1881 1332 1908 non
1358 1880 1499 1923 supra,
1528 1868 1603 1910 sed
1615 1857 1734 1924 ,infra

302 1936 466 1991 regium
518 1936 672 1978 flumen
723 1936 848 1978 sitam
901 1935 1031 1978 fuisse
1068 1940 1236 1990 putent,
1278 1935 1439 1978 Isidoro
1484 1935 1731 1979 Characeno

305 2005 405 2061 nixi,
425 2006 474 2058 28)
509 2005 580 2058 qui
610 2005 668 2047 ita
697 2005 907 2047 stathmos
941 2005 1076 2047 suosss
1111 2018 1186 2058 per
1219 2004 1573 2059 Mesopotamiam
1606 2005 1732 2059 ducit,

392 2143 453 2188 225)
479 2142 608 2177 Abulf.
643 2142 735 2176 trad.
768 2153 835 2187 par
859 2140 1030 2176 Reinaud
1056 2142 1104 2186 II,
1129 2143 1174 2176 66
1205 2154 1255 2188 sq.
1310 2142 1442 2187 Edrisi,
1467 2143 1560 2177 trad.
1584 2155 1618 2189 p.
1644 2142 1731 2179 Jau-

304 2200 386 2236 bert
411 2200 460 2245 II,
488 2201 571 2234 138:
620 2199 770 2244 Anbar,
819 2199 867 2234 osi
892 2203 947 2234 est
971 2211 1034 2234 son
1063 2199 1152 2245 (scil.
1179 2200 1395 2245 Euphratis)
1434 2199 1621 2234 confluent
1645 2211 1733 2235 avec

304 2258 419 2303 l’Isa3
451 2271 484 2304 p.
515 2258 598 2296 144:
624 2257 754 2291 Anbar
775 2260 831 2292 est
858 2257 975 2292 situe'e
1003 2257 1137 2303 aupres
1170 2258 1214 2292 de
1239 2257 1389 2292 l'entree
1413 2258 1462 2293 du
1489 2258 1594 2293 canal
1630 2257 1735 2292 d'Isa.

397 2316 456 2361 26)
484 2315 653 2361 Cliesuey
681 2315 733 2359 ΙΙ,
768 2328 802 2360 p.
828 2315 913 2360 438,
954 2327 1090 2361 mappa
1116 2315 1200 2350 VII.
1250 2315 1425 2359 Kinneir,
1457 2314 1731 2361 Geographieal

305 2373 457 2409 memoir
484 2373 526 2408 of
549 2374 612 2408 the
638 2373 793 2408 Persian
819 2373 967 2418 empire,
991 2385 1024 2418 p.
1052 2374 1127 2407 2³67.

396 2432 454 2478 27)
483 2431 577 2465 IIist.
608 2431 682 2465 Nat
722 2430 768 2475 V,
792 2431 847 2466 26.
874 2432 927 2466 90.
956 2431 999 2465 ef.
1029 2431 1201 2466 Mannert
1222 2430 1265 2476 V,
1287 2432 1316 2465 2.
1344 2430 1422 2475 388,
1447 2431 1579 2475 Ritter,
1619 2433 1732 2472 Erdk,

309 2490 356 2534 X,
382 2490 458 2524 148.

398 2547 457 2591 28)
484 2546 696 2591 D'Anville,
721 2546 937 2592 l'Euphrate
963 2551 999 2581 et
1014 2547 1047 2582 le
1064 2546 1189 2593 Tigre,
1214 2559 1248 2593 p.
1276 2547 1352 2582 117.
1368 2546 1639 2593 Buckingham,
1659 2550 1729 2581 tra-

304 2605 379 2639 vels
409 2608 476 2639 etc.
509 2604 556 2648 II,
587 2604 673 2649 467,
705 2604 757 2639 St.
785 2603 940 2647 Martin,
972 2604 1203 2639 Recherches
1236 2617 1297 2639 sur
1322 2604 1497 2641 l’histoire
1527 2608 1564 2640 et
1587 2604 1624 2639 la
1649 2603 1735 2650 geo,

302 2662 461 2707 graphie
496 2662 541 2697 de
573 2663 610 2697 la
635 2659 784 2697 Mesene
809 2666 846 2697 et
872 2663 915 2698 de
942 2663 977 2696 la
1001 2662 1224 2702 Characene,
1250 2675 1285 2709 p.
1315 2663 1379 2708 70,
1405 2663 1598 2707 d'Anville,
1624 2662 1732 2698 Mem.

302 2732 364 2754 sur
393 2720 425 2753 la
448 2720 607 2766 position
636 2721 680 2755 de
709 2720 901 2766 Babylon“
936 2721 971 2754 in
1004 2720 1112 2756 Mem.
1139 2720 1349 2757 ‹le'l’Acad.
1375 2723 1438 2756 des
1465 2721 1628 2766 inscript.
1648 2725 1735 2755 tom.

302 2777 485 2814 XXVIII.
537 2799 575 2804 —
628 2781 718 2817 *De
752 2781 881 2817 Isidori
908 2782 1078 2816 stathmis
1105 2781 1298 2826 Parthicis·
1323 2794 1354 2816 v.
1383 2781 1609 2828 praeclaram
1641 2789 1735 2814 eom-
