1971 3246
888 320 1171 365 -48-

323 442 426 481 tuna
458 435 653 480 Bacchae
682 435 894 491 Euripidis
910 436 940 486 8)
972 441 1011 478 et
1042 437 1177 480 Jason
1209 436 1383 490 quidam
1415 437 1602 493 tragicus
1631 443 1748 483 actor

324 506 564 550 Trallianus
596 506 778 560 Agauen
808 505 1026 548 recitabat.

432 575 634 618 Videmus
660 574 788 628 igitur
820 574 1004 617 Orodem
1037 587 1203 629 eosque,
1235 588 1340 627 quos
1370 587 1513 618 secum
1544 577 1744 627 habebat,

320 657 398 687 nec
426 644 599 699 linguae
629 643 819 686 Graecae
855 643 1028 697 ignaros
1072 643 1201 686 fuisse
1241 656 1380 697 neque
1408 644 1636 688 literarum.
1667 646 1746 687 Ar-

321 713 543 756 tavasdem
599 716 740 754 autem
785 711 1082 753 Armeniorum
1123 724 1269 766 regem
1305 712 1496 767 linguam
1538 713 1747 756 Graecam

321 781 593 836 percalluisse
633 781 827 834 adeoque
864 780 1113 835 tragoedias
1144 781 1434 835 composuisse
1465 787 1506 824 et
1536 782 1746 825 orationes

321 853 449 903 atque
485 850 650 892 fabulas
688 849 908 905 scripsisse
939 854 1085 893 auctor
1114 855 1178 892 est
1208 851 1474 894 Plutarchus.
1494 852 1530 908 9)
1591 852 1747 894 Putan-

322 919 423 960 dum
464 932 565 973 ergo
607 922 671 961 est
710 918 753 960 in
794 918 899 961 aulis
941 932 1090 973 regum
1132 919 1340 961 Graecam
1377 919 1566 974 linguam
1596 920 1639 962 in
1668 934 1748 963 usu

318 988 461 1042 fuisse,
493 992 540 1029 ut
571 988 686 1042 apud
716 1001 793 1030 nos
823 988 986 1030 Gallico
1018 1001 1213 1030 sermone
1245 993 1430 1031 utuntur.
1491 988 1620 1042 Apud
1649 988 1746 1030 Phi-

319 1057 607 1108 lostratum10)
650 1055 900 1110 Apollonius
939 1057 1171 1111 Tyanaeus
1211 1057 1303 1111 ipse
1343 1061 1488 1099 narrat
1515 1070 1562 1100 se
1591 1056 1748 1100 vidisse

320 1139 463 1180 regem
493 1124 749 1167 Parthorum
777 1125 948 1167 nomine
979 1125 1230 1177 Bardanem,
1259 1125 1330 1178 qui
1352 1139 1447 1168 cum
1469 1126 1561 1180 ipso
1580 1125 1744 1168 Graece

318 1194 481 1237 locutus
514 1193 579 1237 sit.
639 1194 894 1236 Parthorum
928 1194 1038 1236 enim
1066 1208 1140 1236 rex
1169 1208 1195 1236 a
1226 1194 1479 1249 philosopho
1510 1194 1744 1249 interroga-

318 1268 407 1319 tus,
442 1268 581 1306 utrum
610 1262 778 1317 penitus
810 1264 1019 1306 Graecam
1047 1263 1236 1318 linguam
1260 1264 1475 1318 cognitam
1495 1263 1669 1306 haberet
1690 1277 1748 1306 an

317 1332 518 1387 exiguam
551 1332 641 1385 ejus
667 1336 842 1387 partem,
874 1338 919 1375 ut
947 1333 1132 1375 sermoni
1162 1333 1383 1376 inserviret
1414 1346 1552 1388 neque
1583 1333 1745 1376 videre-

316 1406 406 1457 tur,
440 1402 475 1444 si
503 1402 763 1444 Graecorum
792 1402 848 1444 ad
878 1415 973 1444 eum
1006 1402 1254 1445 accessisset
1283 1402 1459 1456 aliquis,
1498 1416 1651 1457 parum
1675 1402 1747 1456 ju-

321 1470 495 1525 cundus,
527 1470 733 1525 ,‚penitus,
764 1471 917 1527 inquit,
957 1471 1057 1513 novi
1086 1471 1263 1526 perinde
1287 1486 1336 1514 ac
1368 1472 1639 1514 vernaculam
1673 1475 1748 1523 (so.

321 1540 626 1593 Parthicam).“
691 1541 855 1594 Regem
911 1542 1132 1583 Vononem
1182 1541 1328 1583 Parthi
1372 1545 1479 1584 teste
1530 1541 1678 1583 Tacito
1699 1542 1749 1592 11)

322 1609 608 1664 despexerunt
638 1622 687 1651 ac
716 1623 793 1664 pro
824 1609 954 1651 nihilo
977 1613 1243 1665 putaverunt,
1277 1610 1390 1663 quod
1414 1610 1634 1653 Parthicos
1657 1624 1745 1652 mo-

322 1690 389 1720 res
436 1677 674 1732 negligeret
718 1678 977 1732 comitesque
1025 1678 1199 1720 haberet
1240 1679 1440 1723 Graecos.
1498 1681 1652 1722 Nonne
1695 1692 1745 1722 eo

318 1751 483 1801 spectat
512 1746 615 1788 illud
646 1746 837 1789 Senecae
854 1748 928 1799 12);
976 1747 1118 1802 „Quid
1149 1748 1227 1790 sibi
1255 1748 1402 1791 volunt
1431 1749 1474 1791 in
1492 1749 1641 1792 mediis
1660 1750 1751 1792 bar-

324 1816 521 1858 barorum
573 1816 817 1870 regionibus
866 1816 1057 1859 Graecae
1105 1818 1262 1860 urbes?
1322 1817 1435 1868 Quid
1475 1817 1582 1859 inter
1623 1817 1753 1859 Indos

318 1885 557 1938 Persasque
597 1885 896 1928 Macedonicus
938 1899 1075 1928 sermo
1089 1887 1138 1927 TW
1197 1885 1427 1936 Quaerenti
1460 1890 1612 1941 autem,
1650 1899 1752 1939 quo-

319 1953 445 1995 modo
477 1954 635 1996 factum
666 1954 739 2010 sit,
781 1960 827 1997 ut
865 1955 1011 1997 Parthi
1040 1956 1301 1998 Graecorum
1332 1955 1462 1998 literis
1490 1961 1658 2010 praeter
1688 1967 1753 1998 ce—

317 2028 429 2065 teras
458 2036 631 2078 operam
663 2023 834 2079 darent,
866 2023 1136 2066 manifestum
1169 2024 1266 2080 erit,
1301 2024 1540 2067 Seleuciam
1573 2025 1754 2067 multum

320 2091 554 2146 adjuvisse,
607 2096 652 2133 ut
697 2092 844 2134 Parthi
888 2106 910 2134 e
941 2093 1138 2135 barbaria
1184 2094 1447 2147 aliquantum
1489 2097 1755 2148 emergerent

319 2160 664 2213 Graecorumque
697 2160 832 2203 cultus
865 2174 1089 2214 moresque
1116 2162 1233 2216 apud
1260 2175 1332 2205 eos
1361 2176 1455 2206 sese
1482 2162 1755 2206 insinuarent.

410 2308 446 2353 8)
477 2307 573 2342 Plut.
599 2306 717 2341 Crass.
742 2320 771 2343 c.
797 2310 850 2344 33.
877 2309 1055 2355 Polyaen.
1081 2314 1230 2357 strateg.
1258 2310 1343 2355 VII,
1369 2312 1423 2346 41.

413 2364 449 2410 9)
476 2364 564 2398 Plut
606 2364 642 2398 in
678 2364 794 2400 Crass.
832 2378 861 2401 C.
895 2367 954 2401 32:
1010 2359 1069 2411 ,αἷμ’
1093 2366 1158 2413 γὰρ
1187 2367 1264 2400 οὔτε
1289 2369 1405 2413 φωνῆς
1434 2367 1513 2402 οὔτε
1538 2367 1753 2413 γραΙιιμάτων

316 2419 479 2467 Ὀρώδης
511 2420 721 2465 (Ελληνικῶιν
753 2422 915 2469 ἄπειρος,
959 2422 975 2455 ὁ
1011 2422 1039 2456 ‹)'
1078 2424 1319 2471 'Aguntua‘odrjc
1345 2427 1403 2458 καὶ
1428 2426 1622 2472 τραγῳδίας
1648 2429 1751 2460 ἐποίει

322 2479 379 2510 καὶ
405 2477 533 2521 λόγους
558 2481 687 2524 ἔγραψε
717 2481 773 2512 καὶ
799 2481 966 2525 ἱστορίας,
995 2478 1039 2513 ὦν
1065 2484 1151 2514 Ξίἰαι
1168 2482 1429 2523 ὃι(ισώζονται.“

419 2538 473 2579 10)
501 2537 575 2571 Vit.
606 2537 730 2583 Apoll.
761 2537 880 2583 Tyan.
907 2539 932 2576 Ι,
958 2539 1110 2573 XXXII
1138 2540 1212 2585 [41]
1239 2542 1293 2576 cd,
1321 2542 1477 2586 Kayser.

415 2595 471 2637 11)
497 2594 584 2629 Tac.
610 2594 746 2629 Annal.
770 2594 818 2639 ΙΙ,
843 2598 874 2629 2.

417 2651 472 2697 12)
501 2651 647 2686 Consol.
675 2652 732 2686 ad.
757 2651 863 2687 Helv.
887 2664 914 2687 c.
937 2654 967 2687 6.
