1971 3246
903 896 1036 959 CAP.
1074 898 1151 958 Vl.

554 1085 632 1127 DE
664 1083 1023 1127 COMMERCIIS
1056 1081 1538 1126 SELEUCENORUM.

442 1188 539 1242 Ipse
581 1186 694 1229 urbis
732 1186 836 1228 situs
877 1186 1140 1229 commerciis
1185 1198 1354 1239 quoquo
1380 1197 1528 1227 versus
1558 1182 1764 1227 faciendis

330 1256 518 1298 maxime
546 1244 724 1297 idoneus
750 1258 853 1297 erat.
915 1254 1185 1309 Quamquam
1203 1253 1400 1297 Seleucia
1427 1265 1513 1294 non
1543 1252 1600 1295 ad
1625 1252 1764 1307 ipsum

330 1338 446 1368 mare
477 1329 692 1366 exstructa
722 1328 836 1375 erat,
867 1328 1010 1365 tamen
1037 1337 1131 1366 cum
1159 1322 1302 1364 omnia
1333 1335 1443 1375 quae
1473 1321 1514 1363 in
1547 1320 1765 1376 Euphrate

334 1400 375 1436 et
422 1393 541 1448 Tigri
587 1393 735 1435 fierent
785 1392 1041 1435 commercia
1081 1393 1120 1435 in
1161 1405 1208 1435 se
1237 1391 1513 1445 consociaret,
1545 1389 1765 1445 aptissima

333 1462 460 1504 etiam
493 1468 584 1504 erat
612 1460 667 1502 ad
695 1473 856 1503 merces
888 1461 1124 1503 maritimas
1148 1460 1424 1515 recipiendas.
1486 1458 1606 1502 Adeo
1624 1459 1763 1514 Baby·

334 1532 474 1574 lonem
519 1530 603 1573 sit-u
650 1529 892 1585 superabat,
945 1543 1040 1572 cum
1071 1529 1325 1572 commercia
1367 1541 1462 1570 cum
1495 1526 1767 1570 orientalibus

332 1599 472 1655 plagis
499 1599 638 1653 magis
670 1598 870 1654 expedita
902 1604 1056 1652 essent,
1086 1612 1138 1641 ne
1164 1599 1346 1642 vecturis
1378 1597 1547 1651 quidem
1579 1610 1605 1639 a
1634 1595 1762 1638 litori-

333 1671 411 1712 bus
439 1668 568 1710 maris
588 1667 885 1710 mediterranei
910 1668 1136 1724 impeditis.
1157 1670 1187 1717 1)
1248 1666 1501 1721 Accedebat,
1532 1664 1646 1719 quod
1666 1665 1765 1707 urbs

334 1740 375 1780 in
408 1750 512 1792 agro
540 1737 668 1779 totius
700 1737 871 1779 orientis
902 1737 1158 1780 fertilissimo
1187 1737 1268 1780 sita
1293 1736 1443 1787 e1·at.²)
1486 1736 1640 1777 Totam
1657 1733 1768 1776 enim

336 1806 617 1862 Babyloniam
656 1805 843 1847 maxime
885 1805 1135 1849 excelluisse
1168 1804 1383 1848 fertilitate
1413 1808 1455 1846 et
1490 1802 1677 1855 omnium
1708 1814 1770 1844 re-

335 1890 449 1932 rum,
494 1889 605 1929 quae
634 1875 690 1917 ad
719 1874 876 1917 victum
907 1875 1174 1930 pertinerent,
1207 1873 1481 1928 abundantia,
1513 1885 1660 1915 omnes
1688 1876 1770 1914 tra-

338 1947 454 2001 dunt,
485 1946 556 1999 qui
587 1957 681 1987 eam
711 1943 918 1987 viderunt.
978 1944 1218 1987 Herodotus
1235 1943 1269 1998 3)
1301 1955 1483 1997 usquam
1514 1940 1614 1983 alibi
1633 1939 1769 1995 regio·

338 2028 435 2058 nem
466 2013 645 2056 inveniri
675 2016 820 2067 negat,
851 2026 963 2067 quae
995 2013 1145 2056 eadem
1176 2013 1368 2055 ubertate
1395 2010 1486 2062 soli,
1518 2023 1603 2064 qua
1632 2010 1771 2064 Baby-

339 2084 476 2138 lonia,
521 2082 717 2125 emineat.
731 2081 774 2137 ²³²)
857 2082 949 2126 Etsi
997 2081 1262 2138 Babyloniae
1309 2081 1482 2124 arbores
1531 2078 1587 2122 ad
1637 2090 1769 2121 naves

436 2220 469 2265 l)
496 2219 617 2254 Ritter
645 2219 693 2263 X,
720 2219 795 2255 123.

439 2278 476 2323 2)
501 2277 595 2312 Plin.
621 2276 667 2311 H.
696 2277 739 2312 N.
764 2277 833 2321 VI,
859 2278 914 2321 26,
941 2276 1015 2311 122.

435 2335 472 2379 3)
500 2334 538 2379 l,
572 2335 647 2370 193.
680 2334 727 2370 cf.
758 2334 879 2370 Strab.
904 2333 1016 2376 XVI,
1045 2333 1121 2368 739.
1149 2331 1225 2367 742.
1253 2331 1330 2366 747.
1385 2331 1572 2365 Ammian.
1610 2329 1774 2365 Marcell.

343 2390 490 2436 XXIII,
516 2393 548 2437 6,
572 2393 625 2426 25.
676 2392 806 2436 Ritter,
831 2391 944 2426 Erdk.
970 2390 1037 2434 XI,
1062 2402 1097 2436 p.
1123 2389 1203 2424 494.
1255 2389 1294 2435 ’Ὅ
1320 2389 1405 2423 Duo
1434 2392 1557 2423 tamen
1581 2388 1660 2431 viri,
1687 2398 1776 2434 quo—

342 2463 424 2486 rum
457 2462 554 2486 unus
581 2450 794 2486 Carstenius
819 2450 986 2486 Niebuhr
1011 2449 1079 2483 has
1105 2448 1280 2494 regiones
1306 2447 1382 2493 ipse
1407 2457 1608 2492 peragrans
1633 2445 1678 2480 de
1703 2455 1777 2479 om—

345 2508 454 2543 nibus
490 2507 599 2543 rebus
641 2507 828 2554 cognovit,
870 2511 1010 2541 veteres
1046 2505 1197 2540 uberius
1234 2505 1279 2539 de
1315 2503 1553 2549 Babyloniae
1586 2501 1779 2537 fertilitate

346 2565 480 2600 dixisse
504 2565 742 2600 arbitrantur.
795 2564 868 2600 Sed
892 2563 1162 2599 observandum
1188 2566 1263 2605 est,
1291 2560 1486 2596 Nicbuhrii
1508 2562 1630 2595 aetate
1656 2558 1780 2604 Baby-

346 2624 485 2658 loniam
510 2623 620 2658 variis
645 2623 752 2657 bellis
774 2633 818 2657 ac
842 2621 1001 2656 fortunis
1026 2620 1186 2655 maxime
1198 2620 1276 2665 jam
1291 2622 1462 2654 vexatam
1474 2622 1586 2664 atque
1598 2616 1781 2663 perditam

345 2681 470 2716 tuisse.
494 2680 680 2725 Niebuhr,
706 2677 1047 2723 Reisebeschreibg.
1074 2677 1123 2722 ΙΙ,
1146 2689 1180 2723 p.
1202 2677 1280 2723 223.
1305 2677 1382 2711 225.
1410 2676 1489 2711 252.
1515 2674 1688 2718 Meiners,
1713 2672 1780 2708 Be-

349 2739 597 2786 trachtungen
623 2738 715 2773 iiber
742 2737 801 2772 die
826 2735 1119 2771 Fruchtbarkeit
1144 2735 1221 2770 und
1250 2732 1590 2770 Unfruchtbarkeit
1619 2731 1683 2767 der
1702 2741 1782 2766 vor-
