1955 3262
746 317 1019 361 -01-

181 420 279 479 Qua
307 442 383 485 spe
410 429 600 474 sublatus
629 431 857 486 animoque
885 434 1091 488 cogitans,
1124 432 1161 476 si
1192 447 1258 477 res
1281 434 1487 480 adversus
1503 435 1605 480 Par-

180 496 276 540 thos
306 511 508 553 prospere
536 500 778 550 cessissent,
819 500 941 543 facilc
971 515 1016 544 sc
1047 505 1197 557 postea
1227 504 1502 558 Tryphonem
1534 506 1605 550 de-

183 565 384 609 fectorem
417 581 439 609 c
471 567 648 623 Syriaco
681 582 810 623 regno
843 569 1095 625 ejecturum,
1127 572 1589 628 anno]Sclcucidarum

181 632 381 678 CLXXII
396 636 446 686 ²¹³)
479 637 583 693 (140
613 650 653 681 a.
683 637 797 690 Chr.)
837 638 1115 693 congregavit
1141 639 1292 682 milites
1324 647 1365 683 et
1394 644 1603 687 exercitus

179 707 299 757 parte
339 703 395 746 ad
438 705 710 760 Tryphonem
750 706 1083 761 depugnandum
1125 708 1268 750 relicta
1296 709 1337 751 iu
1370 712 1606 766 superiores

182 772 422 827 provincias
460 774 670 828 profectus
698 779 772 820 cst.
831 775 1028 829 Trajccto
1061 776 1277 832 Euphrate
1306 779 1534 822 exercitum
1566 781 1606 823 in

182 841 536 896 Mesopotamiam
564 842 696 889 duxit,
729 843 837 885 hanc
867 843 1125 898 provinciam
1156 848 1197 886 ct
1228 850 1327 887 ante
1357 848 1499 890 omnia
1529 848 1604 891 Se-

178 908 358 951 leuciam
396 923 604 964 occupare
633 911 848 965 cogitans,
883 911 995 953 unde
1024 913 1179 954 bellum
1211 913 1536 961 administraret.
1553 917 1604 970 27)

178 978 265 1021 Res
285 977 401 1020 initio
420 979 526 1020 bene
542 979 798 1033 processisse
817 979 1024 1024 videntur.
1055 981 1166 1023 Nam
1187 982 1421 1026 Demetrius
1447 998 1605 1039 magna

179 1045 398 1089 alacritate
428 1047 482 1089 ab
511 1047 783 1089 orientalibus
814 1047 983 1102 populis
1015 1054 1217 1103 exceptus
1248 1057 1289 1092 et
1315 1051 1541 1094 Persarum
1566 1058 1607 1095 et

179 1115 482 1170 Elymaeorum
522 1115 925 1168 Bactrianorumque
968 1117 1134 1160 auxiliis
1176 1119 1386 1173 firmatus,
1428 1120 1608 1164 Parthos

179 1183 321 1226 multis
365 1184 536 1239 proeliis
568 1184 798 1233 devicit‘st')
862 1185 928 1226 Ad
959 1190 1220 1239 postremum
1257 1194 1398 1229 autem
1425 1201 1536 1231 anno
1566 1195 1609 1231 ut

185 1251 351 1295 videtur
381 1252 615 1296 CLXXHI.
647 1266 728 1295 aer.
763 1252 845 1294 Sel.
881 1253 957 1294 139
973 1255 1011 1303 se)
1042 1267 1078 1296 a.
1113 1253 1207 1297 Chr.
1264 1256 1406 1297 omnia
1451 1256 1493 1299 in
1536 1271 1607 1312 pe-

173 1321 312 1376 jorem
342 1326 507 1377 partem
539 1326 702 1364 mutata
733 1326 843 1364 sunt.
903 1323 966 1365 De
996 1336 1081 1376 qna
1112 1336 1248 1365 rerum
1280 1324 1609 1367 commutatione

179 1389 380 1432 certiores
411 1403 497 1432 non
528 1390 628 1434 facti
655 1403 811 1433 sumus.
854 1391 1092 1434 Demetrius
1124 1391 1213 1433 sive
1227 1391 1388 1446 proelio
1408 1392 1608 1446 victus²⁹)

175 1500 410 1548 intelligitur.
460 1503 604 1548 Syriaci
635 1503 732 1548 regis
763 1514 875 1549 opera
905 1504 1086 1539 duntaxat
1118 1504 1171 1539 uti
1197 1502 1380 1547 volebant,
1405 1507 1447 1539 ut
1472 1504 1543 1540 sibi
1568 1505 1610 1540 li-

176 1557 358 1594 bertatem
385 1569 409 1593 a
431 1559 581 1614 Parthis
604 1560 845 1596 vindicarent.

271 1626 333 1673 26)
362 1627 446 1664 Lib.
473 1628 501 1664 1.
527 1629 691 1665 Maccab.
719 1631 772 1673 14,
797 1631 827 1667 1.

267 1696 329 1742 27)
352 1696 421 1732 Jos
455 1698 546 1732 Ant.
569 1698 593 1732 1.
620 1698 644 1733 1.

265 1765 325 1810 28)
350 1765 484 1800 Justin.
511 1766 701 1810 XXXVI,
735 1768 764 1801 1.
799 1767 956 1802 Arsaces
990 1767 1067 1812 ipse
1098 1770 1226 1802 contra
1251 1766 1479 1802 Demetrium
1505 1779 1606 1802 arma

177 1831 252 1856 non
274 1827 433 1868 ceperat,
457 1823 521 1858 sed
547 1824 670 1869 potius
695 1824 952 1869 imperatorem
979 1824 1164 1870 quendam
1187 1824 1263 1859 sine
1288 1824 1401 1859 dubio
1427 1824 1605 1860 Surenam

176 1888 261 1913 cum
289 1878 432 1926 ingenti
463 1881 625 1915 exercitu
656 1881 689 1915 ei
719 1880 865 1915 obviam
902 1881 1058 1915 miserat.
1119 1880 1202 1916 Lib.
1232 1881 1257 1915 Ι.
1292 1880 1458 1916 Maccab.
1488 1883 1541 1925 14,
1565 1882 1604 1916 2:

177 1931 395 1979 ,ἐπέστειλεν
430 1937 521 1981 (scil.
550 1934 735 1983 ’2190anqu
771 1936 831 1969 ‘ivn
861 1938 928 1970 τῶν
959 1936 1134 1982 ἀρχόντων
1169 1936 1278 1971 αὐτοῦ
1302 1938 1479 1981 συλλαβεῖν
1502 1936 1610 1970 αὐτὸν

177 1992 320 2032 ζῶντα.“
367 1994 541 2039 Oros.'V‚
566 1996 597 2029 4.
623 1995 761 2030 Eodem
785 2000 950 2041 tempore
966 1996 1124 2029 Arsaces
1140 1995 1176 2029 in
1205 1995 1309 2029 India
1331 1995 1471 2039 aberat,
1495 2006 1604 2041 quain

177 2054 314 2087 terram
345 2062 556 2099 expugnare
588 2053 770 2088 tentabat.
840 2053 1078 2098 Perspicuum
1104 2056 1160 2087 est
1186 2052 1387 2096 omnibus,
1418 2052 1604 2107 Arsacem,

177 2109 274 2144 sicut
319 2114 399 2145 erat
427 2109 642 2153 bellicosus,
666 2110 694 2144 si
720 2110 757 2144 in
783 2111 905 2157 patria
929 2109 1071 2153 fuisset,
1096 2110 1213 2156 ipsum
1237 2114 1366 2144 contra
1377 2109 1604 2145 Demetrium

176 2170 430 2214 pugnaturum
451 2166 575 2202 fuisse.
602 2168 647 2202 cf.
677 2167 809 2202 Flathe
835 2167 884 2211 ΙΙ,
909 2180 942 2213 p.
970 2167 1036 2202 657
1061 2179 1113 2213 sq.

269 2237 308 2281 ἦ)
331 2236 466 2272 Utrum
491 2237 562 2271 ista
586 2235 763 2271 Demetrii
790 2236 929 2283 proelia
955 2235 1078 2270 omnia
1120 2246 1193 2270 uno
1232 2245 1328 2270 anno
1352 2234 1505 2270 CLXII.
1532 2247 1594 2270 aer

177 2292 262 2338 Set,
284 2305 333 2330 an
356 2298 443 2340 pars
462 2293 585 2340 potius
609 2305 705 2328 anno
733 2298 908 2339 sequente
935 2293 1127 2327 commissa
1149 2292 1221 2326 sint
1245 2303 1288 2326 ac
1304 2297 1382 2327 tum
1405 2297 1535 2338 captus
1560 2293 1607 2328 sit

177 2350 412 2395 Demetrius,
436 2351 537 2386 haud
563 2350 671 2385 facile
695 2355 751 2385 est
774 2350 990 2396 dijudicatu.
1038 2350 1221 2384 Eusebius
1246 2349 1282 2383 in
1307 2349 1432 2384 chron.
1458 2350 1604 2384 Armcn.

179 2408 310 2445 saltem
334 2407 565 2444 Demetrium
588 2408 676 2443 belli
702 2408 818 2442 altero
844 2419 940 2442 anuo
972 2407 1020 2442 ab
1046 2407 1184 2442 Arsace
1210 2411 1358 2453 captum
1386 2417 1462 2441 esse
1482 2405 1605 2450 refert,

178 2478 276 2504 anno
305 2467 342 2502 si
372 2467 452 2502 libr.
484 2467 512 2501 Ι.
546 2465 710 2501 Maccab.
737 2465 933 2511 sequimur,
958 2465 1168 2500 CLXXIII.
1198 2464 1483 2501 Seleucidarum.
1541 2463 1601 2498 Se-

177 2523 307 2572 quenti
329 2535 427 2559 anno
452 2520 630 2558 Demetrii
654 2519 990 2567 fratcrlAntiochus
1015 2521 1158 2557 Sidetes
1182 2522 1219 2556 in
1233 2533 1384 2568 regnum
1410 2521 1601 2566 Syriacum

175 2582 272 2620 redit
294 2581 342 2618 ef.
366 2578 450 2617 Lib.
473 2581 503 2615 Ῑ.
528 2579 693 2614 Maccab.
727 2579 789 2622 15,
816 2579 878 2614 10:
953 2580 1071 2622 7,ἴτους
1099 2576 1267 2624 τετάρτου
1295 2579 1353 2611 καὶ
1379 2578 1596 2621 ἑβδομηκοσ-

177 2640 243 2674 τοῦ
269 2640 327 2672 καὶ
353 2638 543 2673 ἕκατοστοῦ
569 2639 715 2681 ἐξῆλθεν
738 2637 913 2679 Ἀντίοχος
937 2637 981 2674 εἰς
1008 2635 1068 2679 τὴν
1091 2637 1160 2680 γῆν
1179 2638 1341 2681 πατέρων
1366 2633 1511 2672 αὐτοῦ.“

266 2708 328 2754 29)
354 2708 458 2744 oms.
483 2707 506 2743 1.
532 2707 554 2742 1.
