1955 3262
0 2423 24 2573 ,γπ-Ἴ-Πυμ
0 2399 2 2402 ’
0 2377 3 2381 ·
5 2300 10 2302 .

33 2347 41 2352 ι

707 341 994 385 ...33..ν

140 457 413 503 fabricandas
458 457 638 501 idoneae
675 457 892 512 deessent,
942 462 1084 501 tamen
1135 457 1285 513 ingens
1325 459 1564 514 palmarum

141 541 342 572 numerus
388 528 663 579 nascebatm,
714 541 823 581 quae
870 527 1015 570 incolis
1053 528 1240 570 maximo
1284 530 1566 572 emolumento

142 602 274 640 erant.
338 596 489 640 Dicunt
526 609 695 638 carmen
736 595 951 648 quoddam
992 596 1145 649 fuisse,
1176 598 1217 639 in
1248 611 1330 651 quo
1364 599 1448 641 360
1478 598 1567 653 pal-

144 677 242 708 mae
283 664 484 707 utilitates
526 669 798 706 enumeratae
830 666 1028 715 035001ςῆ
1088 665 1186 708 Jam
1219 672 1264 708 ut
1294 666 1347 708 dc
1373 666 1569 721 operibus

144 733 308 784 dicam,
350 745 532 787 aggeres
564 733 682 783 dico,
713 731 904 786 canales,
937 734 1095 784 fossas,
1139 746 1248 786 quae
1277 734 1439 789 ingenti
1469 748 1571 777 cura

145 806 277 856 atque
308 814 448 856 opera,
473 814 526 843 110
552 806 664 843 terra
686 801 1030 844 inundationibus
1045 801 1323 857 infestaretur,
1357 808 1570 847 exstructa

146 875 280 925 erant,
298 869 556 925 Babylonios
572 869 764 911 ridemus
779 869 965 911 maxima
984 870 1112 913 fuisse
1134 870 1340 914 industria
1361 887 1410 915 ac.
1431 873 1572 928 singu-

150 938 232 981 lari
247 938 292 980 in
314 938 576 981 commerciis
590 938 793 980 faciendis
807 938 964 993 vigore.
995 939 1266 982 Accedebant
1279 942 1398 982 multi
1419 942 1571 985 Judaei

150 1010 194 1050 et
220 1007 481 1050 Graecorum
515 1020 700 1061 magnus
730 1020 940 1062 numerus,
976 1020 1081 1060 quos
1113 1022 1258 1052 omnes
1279 1023 1445 1052 summa
1465 1024 1573 1054 mer-

146 1075 274 1119 candi
313 1076 543 1132 cupiditate
581 1089 750 1131 semper
782 1077 929 1119 ductos
961 1090 1054 1119 esse
1084 1077 1190 1120 inter
1221 1092 1367 1122 omnes
1398 1085 1573 1123 constat.

149 1143 253 1188 Sine
283 1144 409 1188 dubio
441 1144 635 1188 Seleucia
666 1145 809 1188 omnia>
826 1146 1054 1200 Babylonis
1083 1146 1126 1188 in
1157 1147 1300 1190 ruinas
1328 1148 1573 1191 collabentis

151 1213 407 1256 commercia
437 1213 495 1256 ad
523 1227 570 1257 se
597 1214 805 1257 trahebat.
863 1214 977 1257 Fieri
1007 1228 1090 1256 non
1120 1216 1268 1270 potuit,
1301 1217 1399 1270 quin
1425 1217 1574 1260 eadem

151 1281 330 1338 opificia,
360 1282 511 1336 quibus
543 1282 774 1337 Babylonis
806 1282 969 1325 incolae
1000 1283 1188 1338 insignes
1220 1285 1398 1337 fuerant,
1431 1286 1576 1328 Seleu-

148 1350 242 1393 ciae
272 1350 402 1393 etiam
432 1351 744 1405 conficerentur,
774 1351 930 1406 quippe
960 1365 1052 1394 011111
1073 1353 1332 1407 Babylonios
1353 1367 1379 1395 a
1400 1354 1577 1398 Seleuco

149 1418 353 1462 Nicatore
381 1419 426 1461 in
456 1432 613 1461 novam
643 1420 790 1473 urbem
821 1420 990 1474 magnis
1013 1427 1206 1462 ornatam
1236 1422 1468 1477 privilegiis
1495 1428 1579 1466 tra-

155 1486 308 1531 ductos
339 1500 434 1530 esse
461 1492 723 1543 compertum
755 1488 999 1531 habeamus.
1032 1489 1218 1532 Summis
1238 1490 1433 1534 laudibus
1455 1492 1579 1534 Liba-

150 1555 248 1599 nius
261 1556 297 1610 ⁵)
335 1555 696 1599 Antiochenorum
726 1556 955 1599 sollertiam
985 1557 1028 1598 in
1057 1558 1338 1614 commerciis,
1386 1560 1579 1615 opificum

151 1637 357 1680 magnam
386 1624 430 1667 in
461 1617 655 1667 omnibus
687 1625 810 1668 rebus
828 1625 1089 1680 diligentiam
1110 1627 1279 1670 extollit.
1340 1630 1448 1671 Tota
1471 1630 1577 1671 enim

153 1698 279 1738 noete
308 1693 477 1749 operari
505 1693 652 1737 solitos
683 1707 778 1736 esse
807 1694 850 1736 111
874 1695 1058 1736 tabernis
1093 1695 1275 1752 opifices,
1304 1711 1398 1739 cum
1416 1697 1580 1740 interim

156 1762 404 1806 saltantium
462 1767 503 1805 et
552 1764 792 1805 canentium
839 1764 1012 1806 vocibus
1066 1764 1250 1819 compita
1295 1772 1583 1820 personarent.

155 1830 277 1874 Idem
307 1830 362 1873 de
391 1831 713 1874 Seleucensibus
746 1832 963 1887 opificibus
994 1832 1076 1874 dici
1107 1847 1244 1887 posse,
1271 1834 1343 1874 vix
1365 1835 1581 1877 dubitave-

157 1898 250 1942 rim.
309 1899 538 1942 Hominum
587 1901 741 1956 ingens
787 1901 1033 1953 multitudo,
1082 1915 1192 1955 quae
1223 1903 1458 1945 Seleuciam
1486 1917 1582 1946 con-

159 1967 375 2023 veniebat,
431 1970 830 2024 opportunissimam
884 1971 1113 2024 praebebat
1155 1971 1417 2014 occasionem
1456 1986 1583 2026 quam

162 2035 351 2078 maximo
381 2036 498 2080 lucro
531 2038 696 2093 opificia
726 2039 996 2090 vendendis]

273 2105 424 2159 Itaque
466 2105 543 2148 hoc
584 2107 676 2149 loco
719 2120 804 2149 non
845 2107 1157 2150 incommodum
1210 2109 1310 2162 crit,
1355 2123 1493 2164 pauca
1533 2111 1586 2153 (le

164 2174 317 2217 artium
346 2174 487 2217 studio
519 2182 560 2218 et
591 2176 808 2230 industria,
840 2176 1201 2219 011150101100115εὴΙ
1224 2191 1394 2231 operam
1415 2178 1584 2229 (labant,

162 2255 389 2299 exponere.
445 2245 572 2286 Artes
602 2245 855 2287 exercebant
884 2247 1037 2288 varias.
1096 2245 1354 2300 Babylonios
1382 2246 1585 2302 imprimis

165 2368 359 2403 nehmsten
386 2368 534 2403 Lander
558 2379 630 2403 von
655 2369 770 2404 Asien
795 2370 864 2404 vol.
891 2369 947 2413 II,
973 2382 1005 2415 p.
1034 2370 1096 2404 133
1124 2383 1176 2416 sq.
1209 2370 1255 2405 cf.
1281 2371 1441 2413 Hecrcn,
1475 2371 1586 2408 Ideen

166 2425 260 2460 iiber
285 2425 345 2460 die
371 2426 521 2470 l'olitik,
545 2427 578 2461 (1.
604 2426 775 2461 Vei-kehr
801 2439 835 2461 u.
863 2427 1009 2462 Handel
1036 2433 1102 2462 etc.
1129 2428 1158 2471 Ι,
1183 2429 1203 2461 2
1231 2440 1264 2473 p.
1297 2430 1362 2463 145
1387 2441 1466 2475 sqq.
1500 2429 1586 2464 For·

163 2481 282 2529 biga,
305 2482 456 2518 Handb.
482 2483 546 2518 der
571 2483 671 2519 altcn
696 2484 930 2531 Geograpbic
956 2484 1003 2526 II,
1031 2496 1067 2530 p.
1095 2486 1172 2520 618.

261 2539 300 2585 4)
324 2539 447 2575 strab.
472 2540 578 2583 XVI,
605 2541 682 2575 742.

256 2598 292 2640 5)
316 2597 451 2631 Liban.
478 2598 652 2633 Antioch.
677 2598 726 2642 ΙΙ,
769 2611 803 2644 p.
830 2599 900 2633 3:53
925 2598 978 2632 ed.
1010 2597 1174 2642 Morelli3
1201 2598 1246 2633 cf.
1281 2599 1403 2634 Vales.
1431 2599 1478 2634 ad
1499 2600 1587 2634 Am-

162 2653 273 2690 mian
300 2653 463 2690 Marcell.
487 2655 593 2699 XIV,
621 2659 648 2697 l,
673 2657 708 2690 9.

259 2711 299 2758 6)
324 2712 457 2758 Pauly,
480 2713 652 2748 Realcnc.
677 2713 743 2757 VI,
772 2715 799 2748 1.
823 2713 958 2760 p.948.‚
985 2713 1199 2757 Iliillmann,
1216 2713 1504 2760 IIandclsgcseh.
1524 2713 1588 2748 der

164 2769 349 2808 Grieehen
377 2782 412 2816 p.
437 2770 520 2806 242.
