1971 3246
932 300 1213 343 “5³22

357 411 462 467 jano
493 410 601 456 bello
614 411 810 457 Parthico
846 415 1230 470 (a.116p.Chr.n.)
1253 420 1402 471 captus
1427 415 1493 461 sit.
1540 418 1597 461 Se
1621 427 1788 473 quoque

362 483 645 538 Babylonium
689 496 783 526 esse
825 489 969 526 narrat
1004 484 1094 538 ipse
1121 485 1387 528 Jamblichus
1417 492 1458 528 et
1485 492 1620 530 artem
1651 488 1786 543 magi-

359 565 453 595 cam
494 551 690 595 didicisse
725 557 813 594 tum
858 562 898 595 et
929 553 1190 595 Graecarum
1229 553 1544 609 disciplinarum
1575 556 1788 600 studuisse

360 625 401 663 et
432 621 622 663 floruisse
652 621 911 675 temporibus
940 622 1206 676 imperatoris
1227 622 1283 665 M.
1311 623 1526 669 Antonini.
1585 625 1783 679 Alioquin

360 703 414 731 ex
445 689 507 741 iis,
539 702 649 742 quae
679 689 856 732 Photius
885 694 927 731 et
954 689 1037 732 ista
1066 695 1168 732 nota
1200 690 1448 745 marginalis
1479 705 1556 734 nos
1586 694 1640 735 de
1662 695 1783 737 Jam-

358 758 496 801 blicho
530 758 700 814 docent,
734 764 932 814 apparet,
980 771 1087 814 eum,
1121 772 1216 801 cum
1245 759 1354 803 inter
1384 760 1649 816 imperatoris
1681 764 1784 806 Tra*-

351 828 446 882 jani
478 833 519 871 et
544 829 590 870 L.
622 829 718 871 Veri
752 828 948 871 Caesaris
978 829 1089 871 bella
1111 832 1258 871 contra
1274 829 1457 873 Parthos
1473 831 1664 874 instituta
1685 845 1782 887 spa—

356 898 463 940 tium
504 898 645 940 XLVI
683 910 890 940 annorum
929 897 1227 951 intercederet,
1269 899 1477 953 grandem
1516 900 1645 943 fuisse
1668 905 1781 947 natu.

355 967 454 1008 Fuit
494 967 561 1009 1110
601 966 864 1009 Jamblichus
904 967 1075 1021 linguae
1116 971 1157 1009 et
1187 967 1392 1023 Syriacae
1423 973 1464 1010 et
1493 969 1783 1024 Babylonicae

353 1035 512 1090 peritus
545 1040 585 1077 et
614 1040 763 1090 postea
790 1036 998 1078 Graecam
1030 1036 1088 1078 ita
1108 1036 1293 1091 edoctus,
1326 1041 1370 1079 ut
1397 1036 1538 1079 rhetor
1557 1037 1673 1080 haud
1690 1051 1778 1080 ma-

354 1104 419 1147 lus
448 1104 522 1146 illa
552 1117 719 1157 quoque
751 1103 899 1158 lingua
925 1103 1073 1146 valens
1105 1104 1317 1147 evaderet,
1351 1130 1405 1136 —

465 1174 668 1216 Fortasse
695 1173 802 1215 alios
834 1185 1002 1226 quoque
1031 1173 1256 1228 scriptores
1287 1174 1458 1216 omnino
1485 1172 1598 1216 viros
1630 1173 1778 1216 doctos

350 1246 479 1295 atque
512 1241 697 1284 eruditos
738 1241 805 1284 vel
836 1241 1056 1283 Seleuciae
1089 1246 1211 1284 natos
1237 1242 1379 1298 fuisse,
1419 1243 1488 1285 vel
1519 1246 1682 1285 tantum
1712 1256 1777 1284 ar-

352 1310 455 1353 tium
485 1311 787 1364 literarumque
818 1323 948 1353 causa
979 1311 1103 1353 sedes
1136 1311 1368 1354 collocasse
1386 1310 1667 1354 demonstrari
1681 1323 1778 1366 pos-

349 1381 423 1432 sit,
471 1380 547 1423 sed
571 1380 666 1434 jam
698 1393 751 1422 ex
790 1380 860 1430 iis,
903 1393 1013 1433 quac
1044 1380 1170 1422 modo
1201 1380 1545 1431 commemoravi,
1577 1379 1772 1435 intelligi,

349 1463 477 1506 posse
506 1450 683 1505 videtur,
716 1449 953 1492 Seleuciam
974 1449 1100 1492 etiam
1133 1449 1175 1492 in
1191 1450 1351 1492 artibus
1370 1453 1410 1491 et
1430 1449 1560 1492 literis
1583 1462 1628 1491 se
1649 1462 1775 1504 prae-

347 1519 491 1562 buisse
520 1520 667 1562 urbem
702 1519 1020 1562 nobilissimam.
1079 1520 1339 1562 Graecorum
1372 1518 1507 1561 cultus
1538 1530 1766 1571 moresque

346 1588 417 1641 qui
446 1588 490 1631 in
521 1588 663 1631 multis
692 1588 935 1643 regionibus
976 1588 1166 1630 maxima
1196 1587 1502 1643 impedimenta
1518 1586 1771 1628 invenerant

347 1657 495 1701 insitas
526 1658 685 1701 scilicet
714 1658 924 1700 mentibus
956 1657 1175 1712 opiniones
1205 1657 1348 1700 civiles
1379 1661 1509 1710 atque
1539 1655 1775 1711 religiosas,

347 1740 457 1781 quae
486 1727 660 1770 Graecis
692 1726 893 1770 doctrinis
923 1726 1094 1768 omnino
1127 1726 1488 1777 adversabantur,
1531 1729 1576 1767 ut
1607 1737 1775 1768 summa

345 1796 551 1839 industria
579 1810 625 1839 se
654 1795 980 1851 explicaverint,
1014 1796 1225 1838 neminem
1252 1795 1381 1850 fugit,
1416 1794 1674 1846 Seleuciam,
1708 1806 1773 1835 ur-

343 1866 438 1908 bem
485 1865 711 1920 superioris
763 1865 892 1907 Asiae
935 1865 1169 1906 maximam
1209 1864 1540 1915 Graecanicam,
1593 1858 1651 1906 inv
1690 1875 1774 1916 qua

344 1935 470 1978 simul
499 1935 781 1979 occidentales
813 1939 854 1977 et
880 1935 1106 1977 orientales
1128 1934 1346 1977 doctrinae
1370 1934 1518 1977 intime
1538 1936 1659 1976 erant
1675 1944 1772 1974 con-

337 2004 531 2060 junctae,
571 2005 756 2047 valuisse
796 2004 987 2046 multum.
1049 2005 1103 2046 Et
1144 2004 1237 2048 sola
1285 2003 1540 2059 repugnavit
1577 2001 1772 2057 gentibus

343 2074 635 2126 orientalibus,
677 2086 786 2127 quae
827 2087 894 2116 res
924 2074 967 2116 in
996 2073 1219 2129 pristinum
1251 2077 1409 2116 statum
1438 2072 1659 2116 restituere
1686 2076 1772 2114 stu-

344 2143 512 2187 debant.
545 2146 644 2187 Non
661 2143 820 2199 Parthi,
850 2156 935 2186 non
968 2144 1078 2186 aliae
1108 2143 1238 2186 Asiae
1278 2143 1470 2186 nationes
1502 2143 1581 2184 hoc
1611 2140 1770 2197 praesi-

343 2213 459 2255 dium
489 2214 625 2255 cultus
656 2226 906 2265 morumque
937 2212 1197 2254 Graecorum
1237 2211 1522 2254 firmissimum
1568 2215 1769 2262 evertere,

341 2282 419 2324 sed
446 2283 653 2333 Romani,
696 2296 874 2335 quorum
916 2295 982 2324 res
1024 2282 1065 2323 in
1097 2282 1177 2323 illis
1205 2281 1447 2335 regionibus
1478 2279 1666 2322 maxime
1695 2292 1768 2334 po-

339 2351 489 2394 tuisset
515 2351 661 2393 fulcire
692 2365 741 2394 ac
770 2351 989 2394 sustinere.
1050 2350 1265 2400 Quantam
1297 2354 1440 2392 autem
1470 2348 1556 2391 vim
1585 2348 1769 2390 Graeco-

340 2435 433 2463 rum
464 2421 600 2464 cultus
630 2426 757 2474 atque
788 2420 1029 2462 humanitas
1061 2420 1103 2460 in
1134 2419 1214 2462 illis
1245 2419 1488 2473 regionibus
1519 2416 1645 2460 etiam
1671 2420 1771 2471 post

339 2492 577 2535 Seleuciam
607 2489 790 2532 dirutam
822 2489 1023 2544 habuerit,
1059 2487 1325 2532 Christianae
1355 2487 1561 2531 ecclesiae
1591 2485 1771 2528 hiStoria

339 2561 532 2604 ostendit.
