1971 3246
275 429 429 482 statum
461 439 641 484 civitatis
671 445 714 484 et
747 441 1009 484 fortunarum
1038 447 1362 486 conservassent
1385 444 1520 488 Carol.
1550 445 1695 488 Odofr.

275 509 450 552 Mueller
483 523 506 552 e
533 510 634 553 locis
665 510 830 553 Libanii
862 514 903 553 ct
934 510 1089 554 Zosimi
1120 512 1256 555 refert.
1273 513 1308 568 ⁵)
1352 514 1416 556 Ne
1445 513 1695 569 dignitatem

281 591 374 619 cam
417 578 539 620 nimis
580 584 847 634 appeterent,
881 593 1077 631 munera,
1109 594 1220 635 quae
1249 581 1402 624 Graeci
1433 584 1705 640 λειτουργίας

277 646 431 697 dicunt,
462 647 511 690 iis
542 647 672 690 fuisse
701 648 909 704 imposita.
973 650 1213 693 Praefuisse
1239 650 1303 693 his
1323 651 1587 694 inferioribus
1604 656 1707 694 tem-

280 715 451 769 poribus
484 716 734 759 Antiochiae
765 718 871 760 sicut
901 720 942 760 in
975 718 1066 761 aliis
1091 719 1325 774 municipiis
1355 719 1611 770 duumviros,
1638 720 1709 773 qui

276 784 319 826 in
348 784 456 826 ludis
483 785 670 839 edendis,
701 800 878 840 quorum
907 788 977 829 vix
1005 788 1111 830 alius
1136 788 1317 843 populns
1346 788 1566 844 amantior,
1597 787 1712 831 haud

287 866 382 894 raro
423 867 591 896 omnem
623 859 844 909 paternam
877 855 1163 899 heredidatem
1194 856 1490 910 profudissent.
1551 857 1708 901 Mentio

278 921 404 963 etiam
448 922 492 965 fit
538 923 701 965 concilii
736 924 1011 966 ducentorum
1028 926 1080 979 ⁶),
1126 925 1196 978 qui
1240 925 1457 979 Ephesum
1491 926 1706 980 regebant.

281 990 512 1032 Ptolemais
544 1004 714 1044 quoque
746 993 787 1033 in
820 994 1020 1048 Aegypto
1053 993 1284 1035 secundum
1304 995 1421 1047 leges
1449 994 1708 1037 Graecarum

278 1054 440 1101 urbium
472 1064 579 1102 teste
610 1060 818 1103 Strabone
834 1063 862 1113 7)
894 1061 1277 1107 administrabatur.
1338 1061 1533 1105 Seleucia
1563 1063 1618 1105 ad
1639 1061 1716 1105 Ti-'

280 1129 385 1181 grim
418 1128 499 1170 sita
529 1133 721 1170 senatum
753 1128 856 1171 CCC
888 1130 1072 1171 virorum
1105 1130 1254 1184 opibus
1296 1134 1368 1172 aut
1399 1131 1608 1186 sapientia
1639 1132 1708 1174 de-

285 1196 488 1238 lectorum
522 1197 678 1240 habuit.
698 1200 728 1247 ὃ“)
785 1197 906 1248 Quae
937 1211 1036 1241 vero
1057 1199 1181 1240 fuerit
1202 1198 1496 1253 indigenarum
1518 1200 1707 1243 condicio

279 1265 410 1308 civilis
431 1266 639 1319 Seleucia,
673 1267 771 1308 urbs
802 1267 875 1309 illa
899 1273 1016 1310 tanto
1048 1268 1227 1309 tumultu
1245 1267 1418 1323 agitata,
1438 1269 1708 1323 perspicuum

282 1334 391 1375 tacit.
452 1335 514 1376 Ibi
554 1335 664 1377 enim
705 1336 991 1378 dissensiones
1022 1337 1164 1379 civiles
1195 1341 1236 1378 et
1266 1337 1466 1379 intestina
1493 1337 1601 1381 inter
1633 1339 1707 1381 Ju-

287 1402 435 1456 dacos,
479 1404 612 1457 Syros
645 1404 918 1457 Graecosque
950 1404 1060 1447 bella
1090 1409 1298 1459 perpetua
1325 1406 1502 1449 fuerunt.
1517 1407 1547 1459 9)
1605 1406 1711 1448 Mihi

283 1474 446 1526 autem,
493 1477 653 1525 quanta
673 1474 944 1515 vehementia
990 1474 1203 1516 interdum
1249 1475 1394 1517 variae
1423 1475 1634 1519 factiones
1661 1476 1715 1519 de

284 1541 548 1594 capessenda
584 1555 753 1583 summa
796 1547 1005 1596 potestate
1034 1543 1142 1585 inter
1173 1557 1218 1586 se
1245 1544 1498 1587 certaverint
1527 1545 1715 1589 conside-

282 1607 391 1648 ranti
421 1609 690 1651 manifestum
723 1611 779 1664 fit,
810 1612 917 1653 inter
948 1612 1088 1653 varios
1120 1612 1300 1666 populos
1332 1613 1493 1655 nullum
1523 1613 1611 1656 fere
1628 1613 1711 1657 dis-

286 1675 442 1718 crimen
475 1677 516 1719 in
549 1678 718 1721 civitate
746 1679 981 1722 Scleucena
1012 1680 1202 1722 relictum
1231 1681 1370 1724 tuisse.
1389 1681 1442 1736 10)
1481 1681 1602 1732 Quae
1629 1696 1716 1725 cer-

285 1745 448 1787 tamina
479 1748 648 1802 saepius
683 1749 933 1801 effecerunt,
965 1754 1010 1792 ut
1040 1750 1288 1792 Seleucidae
1316 1755 1550 1806 posteaque
1572 1752 1719 1794 Parthi

284 1813 337 1855 ah
388 1814 521 1857 altera
566 1817 748 1860 factione
796 1819 851 1860 ad
891 1819 1095 1861 auxilium
1138 1818 1261 1861 acciti
1290 1823 1437 1861 contra
1461 1819 1652 1863 Graecos
1678 1823 1720 1862 et

285 1882 509 1936 indigenas
548 1885 893 1940 valesce1·em.11)
952 1887 1189 1929 Verisimile
1229 1892 1310 1939 est,
1353 1887 1479 1930 etiam
1523 1888 1720 1932 Antiochi

285 1950 434 2005 Magni
465 1957 606 1997 aetate
634 1954 677 1997 in
706 1956 808 1997 urbe
853 1955 1049 1998 Seleucia
1078 1956 1131 1998 de
1161 1969 1205 1998 re
1235 1955 1405 2011 publica
1451 1957 1715 2000 moderanda

374 2092 411 2136 5)
436 2090 638 2138 Antiquitt.
663 2092 837 2127 Antioch.
865 2105 900 2138 p.
926 2092 971 2129 30
996 2105 1048 2138 sq.

376 2150 413 2192 6)
439 2148 573 2184 Strabo
597 2148 702 2193 XIV,
729 2149 808 2184 640.

372 2208 407 2250 7)
432 2206 564 2250 XVII,
597 2206 683 2243 813:
735 2208 885 2251 ,ἔχουσα
918 2207 976 2239 καὶ
1007 2205 1165 2252 σύστημα
1198 2206 1373 2241 πολιτικὸν
1400 2209 1435 2241 ἐν
1463 2209 1508 2252 τῷ
1529 2207 1719 2254 (Ελληνικῷ

282 2260 437 2308 τρόπῳ.“

379 2321 416 2367 8)
442 2321 529 2356 Tac.
556 2321 653 2356 Ann.
682 2321 747 2366 VI,
772 2322 826 2356 42.
869 2322 1004 2357 Athen.
1031 2321 1163 2367 Deipn.
1196 2322 1265 2367 XI,
1288 2322 1356 2358 466
1380 2323 1411 2357 Β
1471 2323 1570 2358 Plut.
1597 2322 1715 2360 Crass.

283 2381 348 2420 32;
373 2379 597 2425 „yeqovolaf‘

373 2439 409 2475 9)
438 2437 528 2473 Tac.
554 2436 577 2471 l.
600 2436 622 2471 l.
670 2436 793 2472 Etiam
829 2437 865 2472 in
899 2437 981 2473 aliis
1016 2438 1172 2474 urbibus
1208 2436 1438 2484 graecanicis
1469 2440 1618 2471 senatus
1645 2435 1722 2471 sive

284 2494 416 2540 βουλὴ,
459 2494 631 2540 γερουσία
663 2498 700 2530 et
729 2505 830 2540 popu
846 2495 904 2529 lus
938 2495 1013 2530 sive
1046 2495 1154 2539 δῆμος
1182 2498 1514 2530 commemorantur
1555 2493 1603 2529 cf.
1634 2493 1672 2529 C.
1698 2495 1726 2531 Ι.

287 2554 357 2590 No.
382 2554 484 2590 2957.

377 2612 436 2655 10)
468 2610 545 2647 Jos.
571 2610 662 2646 Ant.
686 2609 722 2646 J.
749 2610 895 2654 XVIII,
922 2611 954 2655 9,
977 2610 1009 2644 8.

387 2668 440 2708 ,Δῆ
467 2667 556 2703 Tac.
582 2667 716 2704 Annal.
744 2666 810 2707 VI,
837 2667 894 2705 42.
