1971 3246
924 332 1208 373 .-..66-.

475 439 618 486 Prima
657 445 699 487 in
732 445 850 488 bellis
879 446 1134 489 Parthorum
1165 446 1356 490 civilibus
1381 447 1599 490 Seleuciae
1628 445 1784 489 mentio

363 515 426 562 fit,
472 527 565 554 cum
609 514 772 557 Orodes
811 518 993 557 Arsaces
1035 517 1148 559 XIV.
1181 531 1274 559 cum
1306 517 1433 559 fratre
1460 517 1705 558 Mithridate
1735 517 1789 558 de

361 595 492 636 regno
533 583 794 637 capessendo
846 584 1073 627 dimicaret.
1150 586 1414 628 Mithridates
1461 600 1488 627 a
1533 586 1787 628 Parthorum

362 651 568 693 nobilibus
594 653 796 707 expulsus
829 653 1022 695 Seleucia
1052 654 1208 709 potitus
1239 659 1313 706 est,
1347 668 1456 709 quae
1496 655 1595 696 urbs
1636 654 1789 696 deinde

360 734 386 760 a
451 720 616 762 Surena
659 722 828 776 “paullo
902 728 1000 764 ante
1059 724 1370 778 expeditionem
1426 723 1697 766 Crassianam
1747 723 1790 763 in

361 788 512 831 Orodis
570 790 669 831 novi
725 790 908 833 Parthici
965 791 1077 845 regis
1122 796 1376 847 potestatem
1425 793 1600 834 redacta
1644 790 1787 843 est.4⁹)

359 857 500 898 Etiam
528 858 583 901 M.
615 859 799 901 Licinius
832 860 1022 914 Crassus,
1055 874 1150 902 cum
1181 866 1327 903 contra
1348 861 1528 903 Parthos
1557 860 1786 902 exercitum

362 925 543 975 duceret,
576 932 674 968 ante
704 928 846 970 omnia
865 929 1102 972 Seleuciam
1134 943 1286 984 capere
1312 929 1483 972 studuit.
1534 929 1788 971 Parthorum

361 995 471 1035 enim
514 995 627 1049 regis
665 996 817 1039 Orodis
856 998 1026 1052 legatis,
1078 999 1148 1052 qui
1182 1003 1222 1040 et
1253 998 1570 1053 expostularent
1601 1011 1695 1039 cum
1727 1011 1789 1046 eo,

365 1063 479 1116 quod
494 1063 848 1119 Mesopotamiam
876 1066 1115 1119 invasisset,
1149 1072 1189 1109 et
1215 1081 1366 1110 causas
1393 1066 1492 1109 belli
1509 1065 1790 1120 exquirerent,

361 1134 539 1175 Crassus
578 1133 814 1189 respondit,
859 1134 1078 1177 Seleuciae
1125 1149 1171 1178 se
1211 1148 1363 1177 causas
1413 1134 1513 1177 belli
1567 1134 1789 1179 editurum.

360 1201 541 1244 Parthos
583 1206 724 1244 autem
770 1203 963 1246 omnibus
993 1204 1142 1259 opibus
1172 1204 1282 1246 hanc
1314 1204 1460 1246 urbem
1489 1203 1618 1245 fuisse
1649 1202 1791 1245 defen-

361 1283 481 1311 suros
513 1283 566 1312 ex
599 1283 647 1313 eo
678 1270 935 1325 intelligitur,
965 1273 1078 1326 quod
1110 1286 1217 1315 unus
1234 1286 1288 1314 ex
1312 1273 1464 1326 legatis
1485 1271 1666 1325 Vagises
1694 1271 1791 1313 sini-

363 1342 475 1380 strae
517 1339 658 1381 volam
702 1340 877 1383 dextrae
908 1341 1050 1395 digitis
1082 1341 1320 1396 percutiens
1353 1342 1490 1395 „Ante
1518 1340 1666 1393 inquit,
1696 1339 1792 1382 hinc

359 1407 433 1461 pili
457 1413 723 1463 enascentur,
755 1422 882 1461 quam
913 1417 958 1451 tu
973 1409 1209 1452 Seleuciam
1240 1409 1563 1464 pervenias.“50)
1596 1408 1790 1450 Ceterum

361 1476 540 1518 Crassus
562 1476 655 1530 jam
686 1476 802 1519 initio
833 1477 931 1519 belli
944 1484 1086 1532 partes
1104 1491 1238 1532 agens
1254 1477 1390 1532 magis
1410 1477 1637 1532 praedonis
1663 1490 1791 1531 quam

362 1544 567 1597 praetoris
596 1545 638 1587 in
666 1558 715 1587 eo
745 1546 932 1599 graviter
960 1559 1100 1588 errare
1119 1546 1234 1589 visus
1254 1553 1328 1600 est,
1361 1546 1474 1600 quod
1496 1559 1590 1588 cum
1617 1557 1791 1601 progre-

362 1613 562 1654 diendum
577 1613 863 1669 Seleuciaque,
884 1614 1053 1656 Parthis
1072 1627 1239 1669 semper
1253 1614 1420 1657 infensa
1438 1619 1478 1657 et
1497 1621 1595 1658 tunc
1620 1615 1788 1667 quidem

363 1681 568 1724 adversus
587 1681 769 1724 Orodem
793 1682 1015 1737 rebellans,
1038 1683 1243 1724 tentanda
1259 1688 1381 1738 esset,
1402 1683 1592 1726 hostibus
1605 1683 1789 1738 spatium

362 1749 524 1791 dederit
554 1750 610 1792 ad
639 1763 684 1793 se
709 1750 1061 1807 instruendosffl)
1120 1751 1293 1805 Aliquot
1323 1751 1489 1806 oppidis
1519 1751 1654 1806 captis
1674 1752 1789 1794 nullo

361 1818 449 1859 fere
478 1819 710 1870 resistente,
742 1833 836 1862 cum
868 1820 1015 1862 Parthi
1045 1820 1163 1862 bellis
1195 1820 1384 1863 civilibus
1411 1820 1604 1876 occupati
1633 1824 1786 1872 essent,

363 1886 541 1929 Crassus
573 1887 628 1929 ad
659 1889 933 1944 expilandam
966 1889 1137 1944 Syriam
1168 1902 1363 1932 reversus
1386 1893 1460 1932 est.
1504 1888 1678 1931 Interim
1694 1901 1789 1930 cum

365 1955 560 1998 Seleucia
590 1970 616 1998 a
645 1957 810 1999 Surena
839 1958 881 1999 in
900 1958 1051 2001 Orodis
1076 1962 1332 2013 potestatem
1363 1958 1538 2000 reducta
1569 1962 1611 1999 et
1630 1956 1791 1999 Mithri-

363 2023 482 2065 dates
517 2024 657 2067 fratris
682 2026 807 2080 jussu
832 2027 1064 2070 trucidatus
1096 2032 1218 2082 esset,
1249 2027 1362 2069 bella
1377 2027 1630 2069 Parthorum
1655 2025 1794 2069 civilia

367 2092 507 2146 sopita
539 2093 655 2135 fuere
685 2108 720 2136 a.
740 2095 849 2137 LIII.
883 2109 921 2138 a.
952 2094 1048 2137 Chr.
1107 2099 1212 2138 Post
1242 2095 1347 2137 haee
1378 2095 1552 2150 Orodes,
1581 2095 1790 2149 cumipse

363 2161 564 2202 Armenio
586 2162 826 2218 Artavasdi,
851 2164 993 2207 Crassi
1020 2164 1145 2219 socio,
1174 2177 1226 2206 ne
1248 2163 1452 2206 auxilium
1475 2163 1680 2205 Romanis
1697 2163 1790 2204 mit-

363 2232 479 2282 teret,
512 2230 666 2272 bellum
697 2232 880 2286 inferret,
914 2233 1122 2275 Surenam
1153 2246 1247 2275 cum
1264 2246 1422 2287 magno
1439 2232 1626 2274 exercitu
1645 2235 1792 2273 contra

456 2359 516 2403 49)
543 2359 657 2394 Plura
690 2358 736 2393 de
765 2359 834 2392 hoc
858 2358 956 2393 bello
980 2358 1144 2393 fraterno
1177 2359 1214 2393 in
1239 2358 1374 2393 Justin.
1401 2357 1492 2402 prol.
1517 2355 1640 2390 XLII.
1667 2360 1704 2390 et
1728 2355 1792 2390 lib.

366 2416 487 2459 XLII,
512 2416 545 2458 4,
572 2417 603 2450 2.
649 2415 838 2450 Plutarch.
879 2415 916 2449 in
955 2416 1075 2450 Crass.
1109 2426 1138 2449 c.
1172 2416 1226 2457 21,
1260 2415 1369 2449 Dion.
1404 2414 1504 2449 Cass.
1529 2412 1715 2456 XXXIX,
1739 2413 1794 2456 56,

365 2472 516 2518 Joseph.
540 2474 630 2509 Ant.
657 2472 746 2507 Jud.
772 2471 876 2515 XlV,
902 2472 933 2512 6,
956 2472 989 2506 4.
1037 2472 1130 2506 Bell.
1158 2472 1244 2507 Jud.
1269 2472 1298 2514 I,
1323 2472 1358 2513 8,
1383 2471 1413 2505 7.
1439 2470 1631 2505 Vaillantii
1656 2469 1793 2503 Annal.

340 2534 342 2536 '
365 2530 448 2563 Ars.
473 2541 508 2574 p.
535 2529 602 2563 102
631 2540 685 2575 sq.
710 2528 757 2563 cf.
784 2540 818 2573 p.
844 2528 898 2562 68.
947 2528 1167 2574 Longuerrii
1194 2528 1328 2562 Annal.
1356 2528 1441 2562 Ars.
1463 2540 1487 2572 p
1524 2527 1568 2561 23
1594 2539 1660 2572 sq,
1683 2526 1793 2561 Rich-

366 2590 430 2620 ter.
461 2585 661 2620 Krit.-hist.
692 2585 857 2619 Versuch
883 2589 950 2619 etc.
979 2597 1014 2630 p.
1040 2585 1083 2620 70
1107 2597 1158 2630 sq.

455 2654 514 2697 50)
541 2653 638 2688 Plut.
662 2653 699 2688 in
725 2652 856 2686 Crasso
881 2663 910 2687 c.
934 2652 986 2686 18.
1036 2652 1109 2687 Dio
1135 2652 1233 2688 Cass.
1263 2653 1345 2692 XL,
1374 2652 1425 2686 16.

455 2722 515 2769 51)
541 2722 640 2758 Plut.
668 2722 706 2756 in
731 2722 848 2757 Crass.
876 2732 904 2756 c.
937 2722 986 2756 17.
1201 2716 1205 2721 '

1948 3160 1971 3246 mn·
1967 3126 1971 3131 .
