1955 3262
179 414 380 458 Crassum
408 406 532 465 misit,
571 413 639 465 qui
673 427 766 455 cum
798 415 879 456 tilio
897 423 936 458 et
957 418 1070 458 ouini
1100 419 1184 460 t'crc
1211 421 1601 465 exercituRomano

180 482 238 525 ad
269 481 453 525 Carrhas
490 480 653 523 deletus
693 491 767 524 est.
785 483 838 533 ⁵¹²)
898 485 982 526 Sed
1015 487 1151 540 major
1190 489 1430 532 calamitate
1456 499 1598 533 contu-

179 550 307 593 melia
353 556 451 592 erat.
513 549 700 592 Surenas
738 551 846 593 enim
889 563 1013 607 caput
1052 555 1329 609 dextramque
1362 558 1502 602 Crassi
1544 561 1595 602 ad

179 617 363 662 Orodem
393 617 505 660 misit
533 618 575 660 in
608 619 862 672 Armeniam,
896 621 983 674 ipsc
1015 635 1112 663 vero
1147 637 1310 665 rumore.
1334 639 1407 679 per
1430 630 1597 671 nuntio„=

179 687 397 731 Seleuciae
435 700 605 741 sparso,
651 700 696 729 sc
726 687 867 729 vivum
903 689 1112 732 adducere
1146 691 1365 748 Crassum,
1398 709 1595 751 pompant

179 756 395 812 quandam
437 755 656 798 ridiculam
698 755 917 807 instruxit,
973 771 1099 810 quani
1142 763 1419 804 contumeliae
1474 778 1594 806 caus„

179 825 436 879 triumphum
478 823 733 878 appellabat.
793 824 922 877 Cajus
960 826 1069 867 enim
1112 828 1362 881 Paccianis,
1395 832 1464 883 qui
1494 833 1600 874 inter

177 893 369 949 captivos
409 892 729 935 consimillimus
759 892 901 935 Crassi
932 900 1042 946 erat,
1071 895 1254 938 'indutus
1284 904 1400 940 veste
1429 900 1598 953 reginae

178 962 425 1015 doctusque,
452 967 509 1012 ut,
526 961 690 1014 quoties
706 960 883 1003 Crassus
903 968 944 1003 et
962 962 1190 1017 imperator
1212 972 1440 1016 x·‹1›cat·et1u·,
1473 981 1597 1009 exau-

178 1031 307 1082 diret,
338 1043 446 1084 equo
475 1029 664 1071 insidens
695 1028 936 1072 ducebatur.
995 1031 1104 1072 Ante
1136 1045 1259 1084 quem
1291 1035 1460 1077 camelis
1487 1038 1596 1088 equi-

179 1100 328 1142 tabant
358 1098 555 1141 tibicinae
586 1103 626 1139 et
644 1097 824 1150 lictores,
855 1111 1032 1151 quorum
1059 1100 1242 1142 fascibus
1272 1116 1460 1157 appensa
1483 1114 1595 1146 eraut

180 1167 398 1222 marsupia
428 1180 479 1209 ac
511 1167 725 1216 securibus
747 1166 887 1222 capita
909 1167 1198 1210 Romanorum
1246 1183 1389 1213 recens
1426 1173 1599 1215 abscisa.

179 1235 555 1288 Subsequebantur
585 1235 860 1277 Seleucenses
890 1236 1130 1278 meretrices
1160 1242 1198 1279 ct
1231 1238 1439 1293 fidicinae,
1470 1242 1599 1282 multa

179 1305 392 1348 obscoena
433 1309 559 1357 atque
589 1303 778 1346 scurrilia
817 1303 859 1345 in
890 1303 1032 1346 Crassi
1061 1305 1276 1359 ignaviam
1306 1307 1602 1361 mollitiemque

179 1378 393 1416 canentes.
453 1372 771 1414 Seleucensium
802 1372 931 1414 animi
962 1377 1050 1414 tum
1085 1373 1211 1415 valde
1240 1375 1357 1416 fracti
1389 1375 1601 1428 videntum

179 1456 280 1485 nam
309 1441 500 1485 Surenae
533 1441 659 1495 jussu
692 1441 1013 1484 Seleucensibus
1044 1442 1087 1483 in
1119 1447 1313 1484 senatum
1342 1445 1496 1486 coactis
1533 1446 1604 1487 ob-

178 1523 360 1554 scoenae
388 1510 559 1552 fabulae
588 1509 782 1551 Aristidis
811 1509 959 1551 Milesii
991 1510 1269 1565 proferuntur,
1302 1525 1409 1565 quae
1440 1513 1481 1555 in
1518 1528 1600 1555 sar·

179 1579 284 1622 cinis
313 1578 535 1633 cujusdam
562 1578 746 1620 Romani
772 1578 969 1619 inventae
987 1585 1115 1620 erant.
1164 1579 1286 1621 Unde
1309 1580 1492 1623 Surenas
1514 1583 1601 1625 siue

181 1647 320 1702 dubio,
349 1647 463 1702 quod
493 1646 764 1689 Seleucenses
794 1646 968 1700 imperio
996 1647 1148 1689 Orodis
1179 1635 1432 1691 dectrectato
1463 1651 1603 1692 omnia

183 1730 207 1760 e
235 1717 525 1759 Romanorum
555 1715 729 1757 victoria
745 1722 1030 1770 speraverant,
1066 1716 1252 1758 oblatam
1268 1716 1346 1758 sibi
1362 1717 1598 1759 facultatem

181 1785 367 1840 putavit,
408 1784 622 1840 probrosis
661 1784 924 1826 sermonibus
952 1785 1169 1827 Romanos
1200 1784 1422 1836 illudendi,
1455 1786 1522 1838 qui
1556 1800 1605 1827 ne

179 1854 222 1896 in
249 1854 370 1896 bellis
401 1852 571 1906 quidem
602 1853 813 1894 abstinere
843 1858 1019 1907 possent
1051 1866 1078 1894 a
1106 1853 1257 1895 talibus
1289 1854 1356 1894 vcl
1387 1854 1508 1895 rebus
1538 1856 1602 1894 wl

180 1922 341 1966 litteris.
400 1921 496 1973 Qua
535 1921 577 1963 in
614 1933 659 1963 re
689 1921 963 1964 Seleucenses
994 1921 1198 1963 Romanis
1229 1921 1397 1963 minime
1428 1922 1604 1963 Parthos

179 1986 500 2046 anteponendos
539 2002 632 2032 esse
662 1990 970 2043 agnoscebant,
1004 1990 1075 2043 qui
1119 1990 1243 2031 etiam
1284 1989 1477 2044 pellicum
1519 2004 1602 2031 nia-

180 2072 311 2114 gnum
340 2071 561 2101 numerum
588 2058 631 2100 in
661 2058 808 2100 castris
839 2071 980 2100 secum
1015 2057 1224 2099 haberent.
1242 2058 1293 2109 ⁵³)

292 2126 397 2170 Inde
428 2127 482 2169 ab
508 2126 585 2169 hoc
619 2130 810 2181 tempore
842 2126 998 2168 diutius
1026 2126 1078 2167 de
1104 2125 1298 2168 Seleucia
1331 2126 1460 2167 altum
1480 2125 1600 2166 silen-

179 2195 284 2238 tium
313 2195 429 2251 apud
459 2195 683 2250 scriptores
715 2200 790 2246 est,
822 2194 901 2238 nisi
930 2195 1048 2249 forte,
1076 2194 1189 2248 quod
1219 2193 1430 2248 Josephus
1448 2194 1485 2242 *j
1519 2198 1599 2233 tra-

269 2331 332 2377 52)
354 2331 436 2367 Liv.
460 2331 620 2378 Epitom.
650 2331 724 2367 106.
773 2331 868 2365 Flor.
894 2330 965 2374 Ill,
990 2331 1043 2364 11.
1092 2330 1193 2364 Oros.
1220 2329 1285 2371 VI,
1307 2328 1356 2362 13.
1408 2327 1486 2361 val.
1505 2327 1587 2361 Max

180 2388 209 2432 I,
250 2389 285 2432 ὃ,
316 2390 372 2424 11.
430 2388 590 2434 Obsequ.
626 2400 656 2423 c.
696 2388 772 2422 124.
815 2388 969 2434 Eutrop.
1005 2387 1078 2430 VI,
1109 2388 1162 2421 18.
1210 2385 1343 2420 dustiii.
1368 2384 1487 2425 XLII,
1511 2385 1542 2425 4,
1569 2384 1589 2416 4

178 2445 274 2480 pun.
298 2445 349 2489 11,
372 2445 428 2489 56,
455 2445 538 2489 142,
566 2445 629 2488 vi,
662 2446 713 2488 16,
743 2446 796 2479 47.
821 2444 948 2489 venej.
976 2444 1023 2486 11,
1047 2444 1099 2478 46.
1132 2442 1225 2476 Plut.
1243 2442 1279 2475 in
1296 2441 1412 2475 crass.
1439 2439 1597 2484 Appian.

178 2501 222 2537 B.
247 2502 287 2537 C.
309 2501 361 2546 H,
387 2501 438 2538 18.
487 2502 624 2538 Strabo
648 2501 753 2548 XVI,
780 2502 856 2536 747.
907 2501 1038 2536 Zosim.
1066 2500 1130 2534 ΙΙΙ.
1157 2500 1209 2533 32.
1258 2497 1388 2532 Zonar.
1413 2495 1461 2538 X,
1488 2495 1517 2528 7.

269 2570 330 2613 53)
354 2569 540 2605 Plutarch
567 2570 605 2605 in
634 2569 754 2605 Crass.
781 2581 809 2604 c.
836 2570 890 2603 32.

269 2638 307 2681 ᾖε“)
332 2639 484 2686 doseph.
508 2639 661 2686 Antiqu.
686 2639 829 2683 XVIII,
854 2639 886 2681 2,
910 2639 941 2672 2.
992 2636 1164 2672 Vonones
1190 2634 1227 2669 in
1243 2632 1332 2667 urbe
1354 2630 1592 2669 Graecanica,

178 2695 316 2748 quippe
339 2696 404 2743 qui
426 2696 505 2742 ipse
528 2708 567 2732 re
593 2707 678 2731 vera
704 2696 863 2739 φιλέλλην
888 2695 950 2739 (cf.
976 2694 1062 2729 Tac.
1084 2691 1215 2727 Annal.
1244 2690 1294 2733 11,
1310 2690 1356 2766 ν2112
1394 2692 1496 2731 esset,
1521 2687 1588 2722 sibi

1309 2755 1330 2780 ο
