1971 3246
907 348 1192 389 *38-

340 479 450 519 quac
492 466 544 507 ab
578 464 670 506 Indi
712 462 894 505 fluminis
935 462 1050 505 ostiis
1086 461 1249 503 initium
1294 462 1489 517 capiebat
1532 467 1573 506 et
1601 468 1770 518 praeter

338 534 571 576 Gedrosiae
597 546 692 575 oras
726 533 767 574 in
800 532 936 574 sinum
958 531 1174 573 Persicum
1197 531 1389 573 ducebat.
1451 532 1566 574 Satis
1590 521 1797 588 constatf

333 604 426 657 jam
470 601 704 644 Alexandri
750 601 895 654 Magni
929 600 1053 654 jussu
1081 600 1190 641 hanc
1216 600 1330 641 viam
1363 613 1389 641 a
1419 601 1615 644 Nearcho
1645 602 1770 644 classi

341 670 643 713 Macedonicae
674 670 889 723 praefecto
922 669 1189 723 exploratam
1221 681 1328 711 esse.
1346 667 1400 723 2⁶)
1458 670 1649 712 Maxima
1680 676 1771 714 erat

346 744 585 782 mercatura
625 738 668 780 in
709 737 829 778 litore
859 737 1024 779 insulae
1056 737 1303 779 Pattalenes
1320 737 1385 790 2⁷),
1418 750 1500 791 quo
1531 738 1625 781 Indi
1655 740 1769 782 bona

343 808 520 851 navibus
551 806 802 849 devehenda
833 805 1114 847 conferebant.
1176 806 1241 846 Ex
1264 807 1452 848 Pattales
1469 811 1594 862 portu
1617 821 1773 851 exeun-

347 883 410 920 tes
443 876 622 918 eandem
655 874 769 916 viam
800 874 1164 929 persequebantur
1193 879 1361 925 nautae,
1395 888 1523 928 quam
1557 878 1774 929 qnondam

345 945 565 988 Nearchus
581 944 637 999 23)
668 944 985 998 exploraverat,
1028 943 1088 985 ita
1129 943 1298 996 quidem
1343 947 1388 985 ut
1417 943 1649 988 Gedrosiae
1679 960 1776 991 oras

347 1016 536 1068 legentes
568 1013 623 1055 ad
654 1012 790 1054 sinum
808 1013 1023 1054 Persicum
1054 1011 1338 1065 pervenirent7
1372 1026 1454 1065 quo
1487 1020 1684 1069 superato
1707 1017 1775 1059 Ti-

348 1083 478 1137 gridis
510 1082 618 1124 ostia
648 1080 830 1122 adibant.
891 1079 1067 1121 Maximi
1097 1080 1358 1122 commerciis
1390 1081 1545 1124 Indicis
1577 1068 1778 1128 mementi

348 1154 391 1194 in
425 1153 501 1194 hoc
536 1152 629 1193 sinu
658 1154 778 1191 erant
803 1149 1034 1190 nonnullae
1064 1148 1228 1190 insulae
1258 1152 1384 1202 atque
1417 1136 1558 1202 urbes,
1599 1165 1779 1206 quarum

349 1221 567 1276 appellare
598 1219 701 1261 satis
728 1222 791 1260 est
809 1218 962 1273 'Pylum
989 1222 1029 1259 et
1049 1217 1242 1259 Aradum
1259 1217 1431 1271 insulas,
1463 1220 1779 1274 antiquissimas

347 1289 608 1332 Phoenicum
636 1287 843 1339 colonias,
883 1285 1081 1340 deinceps
1108 1286 1232 1328 nrbes
1265 1287 1512 1341 Teredona'‚
1544 1289 1779 1333 Characem

351 1358 548 1413 Spasfflu,
569 1356 787 1399 Gerr-ham.
806 1355 861 1407 29)
910 1354 973 1396 Ibi
992 1358 1247 1396 mercatores
1268 1355 1414 1398 Indiae
1435 1356 1548 1399 bona
1569 1357 1782 1414 deponere

350 1432 562 1482 poterant,
611 1437 720 1478 quae
767 1423 918 1464 deinde
959 1436 1054 1465 cnm
1099 1422 1219 1466 novis
1262 1424 1470 1467 mercibus
1509 1425 1717 1482 imprimis
1758 1444 1784 1472 a

352 1494 579 1539 Gerrhaeis
611 1492 773 1547 Tigrim
805 1505 971 1534 sursum
986 1492 1025 1539 ss)
1057 1492 1307 1545 Seleuciam,
1339 1506 1472 1548 prope
1502 1507 1630 1548 quam
1675 1496 1777 1552 Opis

349 1565 478 1619 vicus,
515 1566 755 1604 mercatura
782 1561 969 1603 maxime
1006 1561 1206 1615 insignis,
1244 1561 1459 1615 quondam
1475 1563 1546 1617 7⁵<ss)
1589 1558 1776 1620 steterat,

446 1700 505 1743 26)
529 1698 663 1734 strabo
687 1698 772 1741 XV,
802 1698 993 1733 691—693.
1041 1698 1136 1733 Plin.
1164 1698 1261 1733 Hist.
1290 1702 1364 1733 nat.
1389 1698 1454 1742 VI,
1476 1699 1532 1744 23,
1557 1701 1601 1736 96
1628 1703 1727 1738 »100.

448 1758 505 1799 27)
530 1756 639 1790 Diod.
666 1755 735 1798 III,
760 1756 814 1789 46.
842 1755 977 1790 Strabo
1006 1754 1091 1797 XV,
1119 1754 1194 1788 700.
1223 1755 1298 1789 701.
1328 1755 1424 1789 Plin.
1448 1755 1515 1802 VI,
1542 1758 1595 1803 23,
1620 1759 1699 1795 100.

444 1814 503 1858 28)
530 1813 624 1847 Plin.
651 1813 716 1856 VI,
741 1813 796 1856 23,
821 1812 991 1846 96-100.
1641 1853 1652 1863 -

444 1871 504 1915 29)
533 1870 730 1916 Forbiger‚
759 1869 909 1905 Handb.
938 1869 991 1913 ΙΙ,
1022 1870 1089 1904 623
1115 1882 1168 1916 sq.
1193 1870 1267 1904 762.
1330 1869 1497 1914 Heeren‚
1523 1870 1653 1918 Ideen,
1688 1872 1725 1917 Ι,
1763 1874 1784 1907 2

354 1942 387 1975 p.
409 1928 601 1963 234-239.
632 1927 845 1972 Hoffmann,
874 1927 1007 1963 Gesch.
1030 1927 1094 1962 des
1119 1927 1285 1963 Handels
1311 1931 1380 1963 etc.
1406 1927 1473 1962 234
1496 1940 1573 1975 sqq.
1600 1928 1787 1975 Brehmer,

355 1985 578 2031 Entdeekgg
628 1985 662 2030 I,
687 1995 763 2030 cap.
798 1985 861 2021 VI*
890 1984 1095 2019 Phoenices
1127 1986 1271 2020 Indiam
1303 1984 1420 2031 ipsam
1446 1985 1684 2032 navigatione
1709 1998 1784 2022 non

358 2043 491 2078 adiisse
521 2042 707 2085 videntur,
739 2053 821 2076 cum
854 2041 1013 2076 breviori
1045 2041 1104 2076 via
1130 2042 1259 2076 Indiae
1290 2053 1426 2077 merces
1450 2042 1616 2088 accipere
1639 2047 1788 2089 possent

358 2101 433 2134 sive
458 2100 506 2135 ab
532 2100 695 2135 Arabiae
720 2100 837 2134 felicis
863 2099 993 2134 incolis
1019 2100 1094 2134 sive
1119 2111 1185 2145 per
1211 2100 1332 2134 sinum
1356 2097 1567 2144 Persicum,
1592 2111 1666 2146 quo
1692 2111 1788 2135 com-

356 2156 573 2192 merciorum
609 2168 721 2191 causa
760 2156 922 2191 colonias
964 2157 1204 2192 deduxerant.
1239 2156 1284 2191 cf.
1320 2156 1457 2200 Ritter,
1488 2156 1602 2190 Erdk.
1640 2156 1686 2202 V,
1710 2157 1788 2197 603.

356 2215 518 2260 ΗΘΘΙὉΠ,
554 2215 755 2250 Comment.
790 2226 861 2249 soc.
896 2227 943 2249 sc.
979 2214 1081 2252 Gott.
1108 2215 1176 2258 Xl,
1202 2227 1235 2260 p.
1263 2215 1317 2248 65.
1367 2214 1405 2259 ’ῖῆ
1431 2214 1564 2249 Strabo
1590 2213 1697 2258 XVI,
1723 2213 1789 2249 766

359 2272 548 2307 Gerhaeos
583 2272 760 2317 imprimis
794 2273 1009 2307 commercia
1032 2272 1220 2307 terrestria
1246 2283 1311 2317 per
1336 2271 1603 2307 mediterranea
1626 2271 1789 2307 Arabiae

360 2329 563 2364 exercuisse
589 2329 761 2367 affirmat.
806 2330 876 2365 Sed
899 2330 1140 2365 Aristobulus
1167 2340 1211 2364 ex
1235 2341 1301 2364 sua
1325 2329 1416 2364 urbe
1435 2328 1594 2364 navibus
1618 2338 1679 2363 eos
1699 2339 1789 2373 quo-

362 2398 433 2433 que
461 2387 595 2423 adiisse
619 2388 822 2434 Euphratis
849 2392 885 2423 et
911 2388 1076 2434 Tigridis
1102 2388 1195 2422 ostia
1221 2387 1421 2423 contendit.

433 2457 494 2502 W)
517 2457 600 2492 Hoc
625 2458 813 2503 oppidum,
844 2459 943 2503 quod
971 2458 1103 2493 Strabo
1128 2457 1232 2501 XVI,
1258 2457 1323 2491 739
1344 2456 1382 2490 iu
1404 2455 1465 2491 fin.
1495 2455 1699 2502 emporium
1715 2465 1789 2490 om-

365 2515 467 2550 nium
491 2515 638 2550 illorum
664 2515 829 2550 locorum
854 2516 1052 2550 maximum
1081 2515 1181 2559 dicit,
1207 2514 1318 2550 etiam
1349 2513 1444 2548 sicut
1468 2513 1642 2559 Babylon
1667 2511 1789 2548 Seleu-

365 2572 444 2607 ciae
467 2572 657 2608 vicinitate
681 2572 899 2608 exhaustum
926 2584 1003 2608 esse
1032 2572 1188 2607 videtur.
1240 2571 1358 2607 Nemo
1378 2571 1474 2606 enim
1485 2570 1687 2617 posteriore
1704 2573 1793 2606 tem-

363 2641 453 2675 pore
477 2634 542 2675 est,
567 2630 631 2676 qui
656 2631 736 2676 ejus
767 2631 990 2666 mentionem
1016 2630 1141 2665 faeiat.
1172 2629 1280 2666 Viam
1307 2632 1431 2664 autem
1455 2627 1792 2675 frequentissimam

363 2698 384 2721 e
410 2687 492 2722 sinu
516 2688 665 2723 Persico
691 2688 894 2724 Seleuciam
920 2689 1073 2723 adverso
1091 2687 1246 2734 Tigride
1267 2686 1414 2723 duxisse
1434 2697 1454 2722 e
1472 2685 1587 2722 Suida
1600 2682 1637 2721 ‘v.
1650 2684 1791 2728 Στακτή

364 2744 596 2791 intelligitur·
