1971 3246
886 355 1172 396 -56-

320 471 474 524 Quoad
513 469 748 513 Antiochus
783 468 1004 512 Seleuciae
1034 467 1181 511 sedem
1211 466 1417 522 habebat,
1450 479 1529 510 nec
1557 466 1748 512 Bactria-

318 541 361 584 ni
391 553 469 583 nec
504 538 652 582 Parthi
690 538 869 581 multum
907 536 1139 593 profecisse
1177 535 1385 581 videntur.
1443 536 1558 579 Nam
1595 535 1750 593 Persis,

318 609 471 664 Media,
503 606 824 663 Mesopotamia,
855 605 1107 662 Babylonia,
1150 604 1334 648 Susiana
1373 607 1414 647 et
1437 604 1548 648 aliae
1576 604 1748 661 provin-

318 678 408 720 ciae
438 682 537 719 tunc
567 689 735 730 quoque
764 675 941 731 imperio
960 673 1281 718 Seleucidarum
1308 673 1572 718 tenebantur.
1617 675 1748 718 Prae·

315 747 411 789 fecti
440 746 608 788 illarum
633 744 946 801 provinciarum
972 756 1000 786 a.
1028 742 1208 799 Polybio
1225 743 1275 796 ¹⁰)
1307 745 1605 786 memorantur.
1661 743 1750 786 An-

317 815 480 858 tiochus
527 827 603 857 rex
661 814 798 856 factus
840 811 1010 855 Mediae
1064 811 1279 855 Molonem
1338 809 1516 865 ejusque
1576 810 1751 854 fratrem

319 884 614 926 Alexandrum
645 882 832 926 Persidis
863 886 1082 937 satrapam
1130 879 1360 925 constituit.
1416 880 1473 922 Hi
1521 879 1748 936 pueritiam

314 953 426 1008 regis
446 951 644 994 Antiochi
661 951 878 1007 aspernati
907 950 1129 993 deficiendi
1159 963 1212 994 ac
1236 948 1477 1004 superiores
1505 949 1748 1004 provincias

318 1022 370 1063 ab
395 1020 603 1062 Antiocho
634 1019 852 1062 avertendi
889 1018 1111 1062 consilium
1138 1018 1332 1061 inierunt.
1392 1017 1490 1069 Qua
1514 1017 1752 1062 defectione

317 1089 488 1144 cognita
530 1088 766 1131 Antiochus
808 1087 1031 1131 consilium
1075 1087 1348 1143 convocavit,
1392 1087 1437 1130 in
1477 1099 1561 1142 quo
1591 1100 1702 1130 unus
1730 1100 1754 1130 e

318 1158 494 1201 ducibus
536 1157 751 1212 Epigenes
797 1155 969 1198 minime
1013 1155 1093 1198 sibi
1126 1168 1222 1198 eam
1260 1168 1352 1198 rem
1390 1155 1751 1199 contemnendam

317 1227 471 1281 videri,
515 1226 590 1268 sed
617 1225 963 1281 appropinquare
991 1237 1139 1279 regem
1170 1224 1444 1269 orientalibus
1472 1224 1753 1281 praefecturis

319 1301 512 1351 oportere
543 1296 715 1350 censuit,
748 1300 794 1337 ut
820 1294 912 1350 ipse
939 1293 1209 1350 praesentiae
1243 1308 1348 1338 suae
1388 1294 1616 1350 majestate
1658 1293 1753 1337 illas

316 1365 511 1419 regiones
555 1364 610 1406 ad
655 1363 904 1417 obsequium
944 1363 1176 1408 reduceret,
1246 1363 1335 1406 Sed
1374 1377 1452 1407 rex
1494 1364 1549 1406 ab
1578 1362 1755 1406 Hermia

318 1433 442 1476 Cario
462 1436 678 1488 permotus
700 1432 906 1475 adversus
926 1431 1142 1474 Molonem
1162 1430 1290 1474 duces
1307 1432 1533 1475 Xenonem
1549 1440 1592 1475 et
1609 1431 1749 1475 Theo-

322 1502 469 1544 dotum
501 1500 758 1543 Hemiolium
804 1500 956 1554 mittit,
1001 1504 1150 1543 contra
1192 1513 1298 1554 quos
1337 1500 1452 1544 Molo
1487 1500 1758 1546 statimcum

322 1583 478 1625 magno
518 1570 703 1612 exercitu
743 1574 807 1612 est
841 1569 1071 1625 profectus.
1130 1569 1264 1624 Cujus
1311 1569 1498 1613 adventu
1527 1570 1763 1626 perturbati

321 1640 475 1681 Xenon
497 1644 538 1681 et
549 1639 795 1682 Theodotus
827 1652 923 1681 cum
953 1639 1064 1681 intra
1092 1639 1217 1681 urbes
1238 1651 1334 1682 sese
1353 1639 1614 1695 recipissent,
1642 1639 1758 1682 Molo

323 1707 634 1763 Apolloniatico
673 1707 832 1762 potitus
876 1720 980 1762 agro
1013 1707 1278 1760 Seleuciam,
1329 1720 1414 1760 qua
1455 1721 1543 1750 una
1583 1708 1625 1750 in
1655 1709 1759 1751 urbe

322 1777 564 1819 universam
601 1780 772 1831 captam
802 1775 893 1818 fore
920 1775 1204 1832 Babyloniam
1235 1775 1501 1831 intelligeret,
1532 1776 1632 1819 totis
1661 1776 1758 1819 viri-

322 1846 398 1888 bus
431 1858 684 1900 oppugnare
709 1844 869 1888 statuit.
928 1844 1017 1887 Sed
1046 1857 1142 1887 cum
1161 1858 1188 1887 a
1205 1845 1408 1900 Zeuxide,
1440 1844 1548 1888 duee
1571 1838 1758 1900 quddam

323 1914 528 1969 SyriacO,
561 1913 786 1967 quominus
814 1913 960 1968 copias
990 1916 1108 1956 trans
1138 1913 1302 1969 Tigrim
1333 1914 1596 1967 traduceret,
1626 1915 1760 1970 impe-

322 1983 491 2034 diretur,
524 1983 582 2025 ad
609 1987 762 2034 castra,
795 1995 905 2036 quae
923 1983 1186 2026 vocabantur
1206 1982 1452 2038 Ctesiphon,
1482 1996 1578 2027 sese
1602 1983 1761 2040 recepit

322 2051 463 2105 ibique
494 2051 683 2094 hiemare
713 2051 937 2094 constituit.
996 2052 1092 2094 Rex
1122 2051 1175 2094 de
1199 2051 1382 2095 Molonis
1401 2052 1598 2096 secundis
1618 2066 1759 2095 rerum

320 2120 594 2175 proventibus
642 2120 794 2164 certior
856 2120 993 2163 factus
1039 2120 1247 2163 suadente
1307 2121 1483 2164 Hermia
1518 2122 1758 2165 Xenoetam

323 2189 542 2231 Achaeum
568 2189 781 2242 quendam
812 2202 981 2232 summa
1009 2193 1223 2244 potestate
1249 2189 1490 2244 praeditum
1518 2204 1614 2233 cum
1648 2204 1761 2234 novo

326 2258 511 2300 exercitu
550 2257 756 2301 adversus
799 2257 1033 2301 defectores
1063 2258 1200 2300 mittit.
1258 2258 1477 2302 Xenoetas
1504 2259 1647 2302 statim
1679 2259 1755 2303 Se-

326 2327 508 2369 leuciam
539 2340 674 2380 usque
702 2327 909 2382 processit
938 2331 979 2369 et
1005 2326 1136 2382 copiis
1161 2326 1367 2382 Diogenis
1390 2327 1599 2370 Susianae
1611 2333 1653 2371 et
1671 2329 1756 2385 Py-

325 2395 497 2438 thiadae
535 2395 663 2438 maris
703 2395 818 2439 rubri
847 2396 1052 2450 praefecti
1083 2395 1251 2449 accitis,
1281 2395 1446 2450 Tigrim
1476 2396 1652 2439 fluvium
1681 2411 1759 2453 pro

324 2464 583 2507 munimento
617 2463 789 2520 habens,
818 2468 960 2507 castra
990 2464 1174 2507 hostium
1203 2464 1352 2507 castris
1373 2465 1561 2509 contulit.
1595 2466 1761 2510 Deinde

326 2546 421 2575 cum
453 2534 574 2576 multi
606 2546 774 2576 amnem
803 2537 1122 2576 transnatantes
1153 2546 1176 2576 e
1202 2533 1385 2577 Molonis
1417 2534 1566 2577 castris
1596 2534 1653 2577 ad
1671 2539 1759 2578 Xe-

326 2607 496 2645 noetam
526 2603 730 2652 venirent,
762 2602 962 2657 dicentes,
993 2603 1029 2646 si
1060 2603 1203 2659 copias
1232 2603 1406 2646 fluvium
1426 2603 1671 2660 traduxerit,
1698 2609 1758 2647 to-

327 2674 416 2712 tum
458 2671 641 2715 Molonis
684 2671 913 2715 exercitum
955 2672 1011 2714 ad
1040 2677 1184 2728 partes
1214 2672 1347 2728 ipsius
1389 2685 1484 2716 esse
1525 2677 1759 2729 transgres-

423 2785 481 2830 10)
507 2785 553 2831 V,
583 2787 638 2831 40,
667 2786 708 2831 73
734 2786 791 2831 46,
817 2786 848 2820 7.
