1955 3262
738 349 1029 391 —19—

175 468 428 524 accipimuS‚
462 465 532 518 qui
564 465 604 506 in
638 466 819 515 fossam,
856 462 1094 515 cingentem
1129 461 1272 503 urbem
1318 459 1595 515 Phisseniam‚

172 542 337 593 partem
368 533 682 578 Nahrmalchae
704 532 816 574 haud
843 532 1043 584 exiguam
1076 529 1310 572 derivatam
1337 542 1429 571 esse
1458 529 1596 572 refert.

175 607 403 649 Praeterea
423 602 582 645 Juliani
604 602 782 643 classem
802 600 882 641 alia
903 599 970 640 via
999 598 1076 640 nisi
1098 598 1508 652 perNahrmaleham
1541 596 1595 638 ad

175 687 272 716 eum
315 673 475 725 locum,
526 670 595 712 ubi
634 669 738 711 illud
777 668 991 711 brachium
1035 680 1163 722 supra
1194 666 1364 709 Cochen
1397 672 1436 708 et
1468 665 1598 708 Ctesi—

176 742 378 798 phontem
410 740 578 782 ductum
612 751 664 779 ex
698 735 986 779 Nahrinalcha
1019 735 1210 788 excessit,
1243 734 1487 789 pervenisse
1516 747 1600 774 non

175 807 568 854 commemoratur*
629 806 675 847 Si
706 818 805 846 vero
836 803 982 846 elassis
1001 816 1076 858 per
1095 803 1231 857 ipsum
1256 802 1598 855 Nam-malebam,

178 891 302 932 quem
343 877 450 919 infra
492 873 807 929 Ctesiphontem
848 872 963 926 Tigri
1009 884 1055 914 se
1093 870 1296 913 infudisse
1332 870 1603 924 ostendimus,

180 959 314 1000 usque
330 946 386 988 ad
404 944 567 999 Tigrim
589 942 874 997 processisset,
902 940 1041 982 Coche
1066 940 1164 981 urbs
1189 939 1470 981 munitissima
1486 952 1605 981 exer-

182 1015 310 1058 eitum
341 1028 366 1056 a
399 1014 533 1055 classe
560 1011 781 1053 divisisset.
842 1011 902 1050 Ae
934 1008 1063 1050 nimia
1093 1007 1272 1049 audacia
1292 1007 1449 1062 egisset
1473 1008 1606 1050 Julia-

181 1095 282 1137 nus,
328 1082 364 1125 si
397 1082 578 1124 classem
616 1085 763 1121 contra
803 1077 973 1132 rapidas
1006 1076 1190 1130 Tigridis
1219 1076 1355 1118 undas
1388 1076 1444 1118 ad
1475 1076 1604 1119 Ctesi-

181 1151 384 1208 phontem
428 1164 454 1192 a
491 1148 665 1190 meridie
706 1145 1040 1201 oppugnandam
1081 1145 1281 1187 duxisset.
1348 1145 1457 1186 Tota
1496 1145 1607 1186 enim

187 1220 349 1273 elassis,
395 1219 495 1272 quin
541 1217 664 1259 facile
709 1215 891 1270 potuerit
932 1214 1082 1268 deleri,
1125 1213 1304 1255 dubitari
1346 1214 1417 1255 vix
1459 1217 1608 1268 potest.

183 1293 336 1343 Itaque
360 1301 456 1330 eum
488 1285 718 1340 Ctesiphon
749 1298 773 1325 a
800 1283 974 1325 meridie
1002 1282 1125 1324 facile
1148 1282 1385 1336 oppugnari
1409 1283 1610 1336 nequiret,

183 1357 366 1401 Parthos
396 1355 513 1397 illum
544 1354 750 1394 minorem
772 1351 988 1399 canalem,
1021 1350 1092 1403 qui
1121 1349 1384 1392 obsidionem
1416 1350 1529 1392 urbis
1560 1350 1613 1391 ab

188 1425 387 1479 aquilone
404 1421 635 1477 expediret,
670 1420 871 1472 obruisse,
903 1432 987 1460 non
1018 1425 1091 1468 est,
1125 1417 1239 1471 quod
1257 1417 1466 1460 miremur.
1496 1418 1613 1459 Haec

186 1493 330 1536 omnia
359 1505 503 1535 seeum
533 1489 709 1532 volvens
729 1488 924 1531 Julianus
943 1486 1068 1529 istam
1089 1486 1462 1541 septentrionalem
1479 1485 1616 1527 Nahr-

186 1562 381 1605 malehae
409 1565 587 1616 partem,
621 1571 749 1612 quam
765 1556 980 1610 Trajanus
1005 1560 1238 1610 posteaque
1256 1555 1440 1597 Severus
1460 1554 1618 1596 fodisse

187 1631 464 1679 dicebantur,
496 1619 838 1682 ffipurgandam,
873 1631 918 1666 ut
947 1624 1111 1666 facilius
1145 1623 1461 1679 Ctesiphontem
1494 1636 1625 1677 oppu-

189 1713 326 1757 gnare
347 1702 505 1755 posset,
526 1695 699 1739 curavit.
730 1694 824 1744 Quo
841 1694 952 1735 iacto
978 1693 1125 1734 classis
1142 1693 1338 1734 Romana
1355 1692 1444 1734 sine
1463 1691 1619 1732 damno

189 1769 234 1813 in
261 1768 425 1823 Tigrim
455 1766 612 1808 flumen
642 1763 833 1818 pervenit
875 1774 935 1804 cu
953 1775 1001 1803 rs
1014 1775 1041 1802 u
1069 1761 1221 1803 modo
1252 1760 1490 1814 triginta
1518 1763 1617 1801 sta-

192 1837 280 1880 dio
293 1849 418 1880 rum.
433 1835 488 1886 37)
549 1834 649 1876 Jam
681 1845 734 1873 ex
764 1831 842 1873 hoe
873 1829 1088 1871 Ammiani
1118 1828 1353 1871 Marcellini
1380 1827 1618 1869 testimonio

191 1906 339 1960 liquet,
381 1917 466 1946 non
504 1899 836 1944 Nahrmaleham
877 1898 1016 1953 ipsum
1059 1902 1333 1952 repurgatum
1377 1910 1401 1936 a
1443 1896 1612 1938 Juliano

286 2017 325 2062 ἕ)
350 2008 577 2058 Μίῑιιιιιέεῒ,
603 2013 703 2059 quod
726 2012 892 2047 Rittcrus
918 2010 1044 2056 (Erdk.
1070 2010 1118 2053 X,
1145 2010 1223 2054 1552)
1250 2009 1461 2043 arbitratur.
1487 2008 1618 2043 exerci-

195 2079 275 2110 tum
304 2072 446 2109 «Iuliani
479 2070 644 2106 canalem
674 2081 756 2104 eum
790 2068 915 2103 aridus
942 2068 1052 2102 fuerit
1091 2067 1262 2111 trajicere
1293 2066 1466 2111 potuisse.
1517 2065 1618 2100 Cele-

192 2132 374 2168 berrimus
391 2129 633 2177 geographus
647 2129 715 2162 hae
742 2127 778 2161 in
804 2138 841 2161 re
866 2125 1107 2167 obliviscitur,
1133 2131 1276 2158 tantuin
1305 2123 1503 2157 cxci-citum
1528 2122 1618 2155 mul-

195 2189 245 2225 tis
269 2187 541 2235 impedimentis
564 2186 751 2230 carrisque
770 2184 846 2218 sine
873 2183 986 2217 dubio
1012 2183 1231 2216 instructum
1255 2181 1355 2214 illam
1373 2180 1510 2214 fossam
1535 2179 1621 2213 olim

195 2246 468 2294 navigabilem,
498 2253 594 2289 quae
623 2242 843 2288 procedente
880 2246 1043 2284 tempore
1075 2243 1153 2273 tota
1185 2241 1379 2274 exaruerat
1403 2241 1439 2271 et
1463 2236 1551 2270 limo
1577 2247 1619 2269 ac

195 2309 298 2340 terra
322 2302 400 2338 fere
425 2301 575 2348 oppleta
601 2299 770 2344 saxisque
804 2297 950 2333 occlusa
976 2301 1072 2339 erat,
1100 2295 1202 2331 nullo
1228 2295 1335 2330 modo
1358 2294 1526 2339 trajicere
1555 2303 1616 2338 po-

197 2362 321 2397 tuisse.
346 2359 506 2396 Omnino
531 2363 611 2393 tota
626 2357 758 2391 Ritteri
783 2355 979 2400 descriptio
1004 2355 1115 2399 hujus
1141 2354 1319 2398 trajectus
1347 2351 1435 2385 satis
1461 2350 1617 2384 obseura

199 2424 263 2454 est.
289 2441 321 2445 -
345 2416 623 2462 Ctesiphontem
648 2424 719 2448 non
745 2413 793 2447 ad
819 2412 939 2447 fossae
965 2410 1297 2456 septentrionalem,
1321 2409 1384 2443 sed
1401 2408 1523 2453 potius
1548 2418 1617 2441 me—

199 2476 381 2510 ridianam
405 2477 547 2519 partem
575 2472 682 2506 sitam
713 2469 837 2511 fuisse,
863 2468 1008 2504 Cochae
1034 2468 1253 2503 contrariam
1280 2467 1445 2512 adeoque
1473 2476 1554 2499 eum
1580 2475 1622 2498 ea

205 2533 465 2578 conjunctam,
508 2534 551 2564 ut
583 2529 692 2563 ambo
728 2527 817 2562 urbs
850 2538 923 2561 una
953 2527 1164 2561 viderentur
1190 2537 1279 2568 esse,
1305 2525 1440 2569 quippe
1466 2522 1627 2556 fluminis

202 2594 286 2625 tant
297 2588 570 2623 umintereursu
591 2585 857 2628 dirimerentur,
885 2583 1087 2630 Gregorius
1101 2582 1358 2619 Nazianzenus
1376 2581 1399 2615 l.
1416 2581 1437 2615 l.
1460 2579 1619 2615 dilucide

201 2646 371 2682 ostendit.

297 2703 354 2747 37)
381 2701 567 2738 Ammian.
592 2700 758 2736 Marcell.
783 2699 926 2745 XXIV,
951 2700 982 2734 6.
1007 2700 1038 2735 2.

1353 2751 1397 2787 Ξκ-
