1971 3246
900 323 1188 365 —36-

325 435 633 482 stuosissimum
665 436 909 492 arriperent.
969 436 1062 488 Quo
1091 436 1248 479 factum
1281 443 1363 491 est,
1405 440 1451 478 ut
1496 433 1616 479 multi
1656 433 1754 478 scri-

325 513 468 564 ptores
498 506 811 549 cinnamomum
841 506 884 548 in
899 506 1057 548 Arabia
1087 505 1204 547 nasci
1224 504 1598 560 arbitrati-entuizffi)
1627 505 1755 547 Prae-

323 583 386 620 ter
431 576 503 618 illa
552 574 821 618 condimenta
875 574 1194 616 advehebantur
1245 573 1485 615 Seleuciam
1529 587 1584 616 ex
1632 573 1756 616 India

325 647 443 689 lacca
460 647 531 701 1⁶),
574 644 787 698 tingendis
834 644 1020 686 vestibus
1053 642 1239 685 maxime
1275 642 1451 695 idonea,
1484 643 1754 697 gemmaeff)

329 720 370 758 et
410 714 573 757 textilia
602 712 959 768 pulcherrimaffi)
1019 713 1117 755 Non
1158 711 1329 754 minoris
1362 711 1566 753 momenti
1598 710 1755 754 Indicis

325 783 586 826 commerciis
618 787 737 824 erant
768 795 895 824 canes
926 781 1060 823 Indiei
1078 782 1142 834 10),
1174 793 1278 834 quos
1309 780 1374 822 vel
1395 780 1538 822 leones
1555 791 1756 835 superare

329 866 456 909 posse
488 852 695 894 dicebant.
757 852 856 893 Jam
885 852 1042 892 Persae
1060 850 1111 902 20)
1142 849 1204 891 his
1237 848 1410 891 canibus
1441 853 1561 891 erant
1606 848 1671 891 usi
1717 851 1757 890 et

328 921 554 964 verisimile
599 926 683 976 est,
733 920 857 961 etiam
898 920 1079 962 Parthos
1111 918 1295 960 venandi
1326 917 1658 961 studiosissimos
1686 929 1760 959 eos

322 991 566 1034 adhibuisse
594 989 650 1031 ad
678 989 921 1031 venandum
953 987 1139 1030 maxime
1168 987 1354 1033 idoneos,

440 1070 629 1124 Jamjam
681 1083 776 1112 cum
808 1070 951 1120 obiter,
995 1069 1115 1123 cujus
1158 1068 1280 1110 ³modi
1318 1067 1547 1122 pleraeque
1586 1066 1759 1109 Indicae

326 1153 486 1183 merces
518 1139 684 1190 fuerint,
717 1137 1020 1192 demonstravi,
1053 1138 1150 1179 viae
1179 1140 1277 1179 sunt
1308 1136 1637 1192 describendae,
1670 1135 1758 1189 qui-

327 1211 403 1252 bus
444 1209 541 1251 illae
580 1221 740 1250 merces
772 1207 1011 1250 Seleuciam
1057 1206 1392 1251 advehebantur.
1452 1205 1654 1248 Seleucus
1684 1204 1757 1248 Ni-

327 1283 444 1321 cator
473 1278 706 1319 maximam
739 1283 1002 1319 mercaturae
1042 1276 1226 1318 habebat
1255 1275 1463 1317 rationem
1498 1280 1538 1316 et
1556 1286 1759 1317 commer-

326 1348 392 1390 cia
430 1347 634 1403 imprimis
676 1346 823 1389 Indica
864 1344 1079 1388 terrestria
1123 1344 1261 1387 denuo
1305 1343 1523 1386 instituere
1561 1347 1760 1398 coeperat

326 1417 475 1459 eadem
509 1417 599 1459 sine
626 1416 751 1457 dubio
784 1415 864 1467 via,
898 1428 1023 1468 quam
1059 1414 1279 1467 quondam
1297 1413 1544 1455 Alexander
1576 1412 1759 1455 destina—

325 1492 445 1529 verat
474 1484 734 1528 commerciis
765 1484 930 1526 indicis.
990 1482 1236 1525 Alexander
1267 1495 1363 1524 eum
1393 1482 1437 1523 in
1453 1481 1621 1523 Indiam
1639 1481 1757 1523 inva-

328 1556 464 1607 deret,
512 1568 538 1595 a
581 1553 752 1596 Persiae
789 1553 938 1595 finibus
976 1565 1111 1605 usque
1142 1551 1198 1592 ad
1229 1552 1382 1593 Indum
1416 1551 1643 1605 complura
1664 1564 1761 1592 con-

334 1624 499 1668 diderat
518 1624 679 1678 oppida
696 1636 772 1665 suo
792 1622 961 1664 nomine
976 1622 1188 1675 insignita,
1218 1633 1327 1673 quae
1351 1619 1655 1662 mercatoribus
1673 1619 1762 1661 adi—

328 1700 416 1736 tum
429 1706 482 1735 ex
496 1692 671 1734 Indiam
683 1692 830 1734 Asiam
845 1691 1069 1747 aperirent.
1099 1690 1332 1741 Pliniusffl),
1346 1689 1416 1742 qui
1428 1693 1621 1732 auctores
1634 1689 1763 1730 habet

328 1765 532 1805 Betonem
565 1768 605 1804 et
635 1762 914 1817 Diognetum,
958 1761 1134 1804 comites
1166 1759 1401 1801 Alexandri
1431 1758 1608 1812 ejusque
1638 1757 1758 1799 itine-

329 1846 422 1875 rum
452 1844 670 1873 mensores
703 1826 1019 1886 (ρῦμιατιστὰς)
1053 1834 1093 1872 et
1120 1829 1273 1871 Strabo
1291 1827 1369 1884 22),
1412 1827 1484 1880 qui
1513 1827 1759 1870 Eratosthe—

422 1950 476 1992 16)
504 1949 598 1983 Ctes.
626 1946 704 1980 Ind.
729 1946 784 1989 21,
812 1945 957 1979 Heeren
982 1945 1011 1989 I,
1038 1950 1068 1979 2.
1095 1956 1130 1989 p.
1156 1944 1225 1978 214
1249 1956 1303 1989 sq.

420 2007 475 2050 17)
504 2007 599 2040 Ctes.
624 2004 702 2038 Ind.
729 2004 759 2037 5.
784 2002 831 2039 cf.
858 2002 994 2037 Herod.
1021 2002 1056 2046 Ι,
1088 2004 1171 2046 195),
1200 2001 1387 2046 Theophr.
1418 2001 1463 2036 de
1493 2000 1605 2046 lapid.
1631 2000 1678 2035 30
1702 2000 1757 2035 ed.

330 2064 377 2099 W
381 2064 528 2108 immer,
555 2063 600 2097 cf.
629 2061 763 2096 Strabo
788 2061 873 2104 XV,
903 2061 978 2095 (599.

420 2122 477 2164 18)
504 2122 599 2155 Utes.
626 2119 707 2154 Ind.
733 2121 789 2154 21,

426 2179 484 2225 19)
510 2178 605 2213 ths.
640 2178 722 2212 Ind.
755 2178 786 2211 5.
814 2176 947 2211 Strabo
974 2176 1065 2219 XV,
1101 2175 1179 2210 700.
1222 2174 1367 2209 Heeren
1400 2174 1435 2218 I,
1469 2174 1500 2208 2.
1524 2186 1560 2220 p.
1586 2174 1654 2209 213
1679 2185 1761 2220 εᾳᾳ.

327 2236 530 2272 Hoffmann
548 2249 582 2281 p.
614 2235 687 2269 164.
737 2234 901 2269 Patriam
928 2235 1056 2268 horum
1081 2244 1213 2268 canum
1239 2233 1277 2266 in
1308 2232 1434 2267 iisdem
1455 2231 1667 2278 regionibus
1680 2243 1759 2277 sep-

327 2294 614 2330 tentrionalibus
642 2293 772 2328 Indiae
798 2304 874 2327 esse
900 2293 1149 2338 quaerendam
1174 2295 1211 2325 et
1234 2290 1432 2337 praecipue
1456 2290 1494 2324 in
1517 2293 1632 2334 terra,
1665 2299 1759 2335 quae

325 2364 423 2388 nunc
448 2352 619 2398 ,‚Kabul“
645 2352 788 2395 dicitur,
814 2351 1061 2386 recentiorum
1085 2350 1402 2396 peregrinatorum
1426 2347 1644 2382 testimoniis
1669 2347 1758 2381 satis

332 2411 520 2457 probatur.
578 2409 649 2451 Qui
682 2409 831 2454 quidem
868 2408 1053 2454 hodieque
1086 2408 1262 2442 maximos
1295 2406 1370 2440 illic
1396 2405 1614 2440 invenerunt
1637 2414 1757 2449 canes,

332 2473 409 2503 tam
433 2468 586 2513 validos,
610 2472 651 2502 ut
675 2467 731 2501 vel
757 2467 910 2510 leonem,
935 2467 1060 2512 tigrim
1085 2472 1150 2500 aut
1165 2466 1298 2500 hovem
1311 2474 1483 2510 superare
1503 2462 1754 2508 possent3vid.

329 2526 574 2570 Maste-Brun,
600 2523 726 2560 Pre'cis
753 2525 797 2558 de
822 2524 858 2558 la
882 2523 1010 2570 geogr.
1034 2523 1189 2558 univers.
1218 2522 1281 2567 lV,
1306 2534 1341 2568 p.
1367 2522 1421 2556 33.
1470 2520 1596 2566 Wahl,
1619 2520 1758 2555 Erdbe-

327 2584 551 2629 schreibung
575 2594 647 2617 von
673 2582 865 2617 Ostindien
891 2594 923 2627 p.
952 2583 1027 2616 812.

416 2642 474 2687 20)
500 2641 637 2676 Herod.
664 2640 747 2685 VII,
774 2640 848 2674 187.

415 2703 474 2747 21)
500 2703 544 2737 H.
572 2703 656 2738 Nat.
684 2702 749 2746 VI,
775 2703 826 2747 17,
853 2703 907 2736 o'l.

413 2760 473 2800 22)
498 2761 567 2806 XI,
593 2760 670 2796 514.
699 2760 784 2805 XV,
811 2760 891 2794 723.
