1955 3262
687 454 1031 530 Praefatio,

319 671 470 758 ‘iegio
517 696 636 741 tota
679 690 824 740 inter
853 688 1200 758 Euphratem
1245 695 1304 740 et
1359 686 1569 756 Tigrim

144 773 247 824 sita
299 769 465 822 hodie
518 770 810 821 maximam
863 776 1078 838 partem
1126 774 1276 820 vasta
1331 766 1571 819 deserta·

146 868 253 919 que
283 849 728 917 frequentissimo
763 848 1041 916 quondam
1071 846 1409 901 Graecorum
1430 864 1572 899 com-

144 930 348 983 mercio
388 928 664 982 celebrata
687 936 805 980 erat
840 928 1175 995 Graecisque
1202 928 1429 981 urbibus
1451 944 1572 979 con-

143 1011 511 1078 sita‚quarum
540 1008 849 1069 nonnullae,
879 1007 1034 1062 velut
1057 1011 1322 1078 Apamea,
1350 1007 1570 1068 Edessa,

146 1090 360 1152 Nisibis,
386 1089 521 1142 aliae
551 1090 607 1141 in
631 1089 976 1142 nobilissimis
996 1090 1425 1141 recensebantur
1451 1088 1566 1140 uni-

148 1188 334 1223 versae
373 1171 537 1222 Asiae
576 1170 902 1222 civitatibus.
985 1169 1231 1226 Quarum
1264 1169 1484 1221 urbium
1506 1169 1572 1221 ab

150 1250 468 1303 Alexandro
491 1251 689 1318 Magno
717 1250 943 1319 ejusque
967 1250 1367 1302 successoribus
1392 1247 1574 1301 condi·

146 1338 330 1383 tarum
343 1330 605 1389 Seleucia,
621 1347 760 1397 quac
773 1336 998 1382 vocatur
1011 1329 1081 1381 ad
1096 1329 1317 1398 Tigrim,
1329 1328 1576 1381 illustris-

147 1412 346 1463 simum
360 1429 470 1463 non
483 1409 662 1462 solum
674 1410 821 1462 inter
835 1410 1267 1480 Mesopotamiae
1285 1416 1342 1462 et
1352 1408 1578 1478 Babylo-

147 1491 289 1551 niae,
318 1490 416 1542 sed
438 1491 606 1542 etiam
627 1490 799 1543 totius
822 1491 987 1542 Asiae
1013 1491 1175 1542 urbes
1206 1490 1576 1560 principatum

149 1571 386 1629 obtinet,
424 1573 531 1626 Sua
568 1572 713 1623 enim
744 1570 1123 1639 magnitudine
1153 1577 1321 1638 atque
1357 1571 1579 1640 omnino

151 1651 398 1703 omnium
441 1668 627 1703 rerum
668 1651 823 1720 copia
867 1651 945 1702 ita
974 1650 1158 1711 valuit,
1202 1657 1268 1702 ut
1291 1651 1459 1702 etiam
1482 1650 1578 1701 Ba—

148 1730 406 1801 bylonem
462 1731 613 1783 illam
664 1731 1103 1783 florentissimam
1160 1731 1324 1782 Asiae
1380 1731 1576 1782 urbem

148 1830 369 1881 prorsus
413 1811 731 1863 exhauriret
775 1819 943 1878 atque
972 1811 1028 1862 in
1070 1811 1184 1881 ejus
1225 1828 1355 1880 opes
1387 1818 1445 1862 et
1467 1809 1577 1878 glo-

149 1891 287 1943 riam
329 1891 666 1944 succederet.
751 1889 916 1961 Cujus
948 1891 1097 1943 urbis
1130 1890 1577 1960 opulentissimae

151 1971 282 2023 olim
328 1979 497 2040 atque
539 1972 954 2041 potentissimae
1002 1972 1165 2023 rebus
1220 1972 1388 2041 gestis
1431 1969 1579 2022 inda-

151 2049 341 2121 gandis
383 2070 482 2122 pro
527 2052 607 2103 rei
638 2052 909 2121 gravitate
941 2051 1120 2103 minus
1142 2050 1322 2103 adhuc
1355 2067 1578 2120 operam

153 2131 371 2184 dedisse
420 2132 563 2184 viros
606 2131 800 2184 doctos
843 2150 952 2183 non
998 2149 1284 2201 possumus
1330 2149 1442 2182 non
1486 2130 1581 2181 mi·

153 2212 277 2273 rari,
311 2229 644 2280 quamquam
684 2211 978 2264 nonnullae
1019 2212 1409 2264 historicorum
1441 2228 1582 2262 com-

156 2292 525 2345 mentationes
577 2292 647 2344 de
691 2292 842 2344 hisce
887 2293 1049 2345 rebus
1096 2292 1299 2361 scripta
1348 2297 1581 2348 exstant,

157 2379 222 2424 ut
277 2372 536 2442 parvulae
577 2371 702 2425 illae
748 2372 890 2425 duae
935 2371 1125 2425 Clessii
1169 2371 1581 2423 dissertationes

159 2452 367 2521 (Pauly,
414 2455 478 2504 R.
519 2453 580 2504 E.
624 2471 669 2503 v.
715 2453 963 2506 Seleucia
1004 2452 1103 2511 No,
1125 2452 1181 2514 L,
1215 2459 1273 2503 et
1302 2449 1582 2503 Vei-hand-

159 2531 362 2601 lungen
410 2531 509 2584 der
564 2534 612 2585 5⁴
656 2532 1078 2602 Versammlung
1119 2532 1418 2584 deutscher
1461 2530 1583 2581 Phi-

160 2610 381 2681 lologen
434 2630 485 2681 p
537 2614 643 2665 148
690 2611 828 2681 sqq.)
877 2631 1067 2680 eaque,
1104 2630 1243 2679 quac
1289 2612 1343 2662 in
1365 2628 1585 2679 geogra-

161 2692 400 2761 phorum
441 2692 697 2761 operibus
749 2693 1119 2745 inveniuntur.
1201 2692 1249 2743 J
1240 2709 1326 2742 im
1370 2689 1584 2760 pridem

163 2772 244 2824 vir
279 2789 491 2823 summa
532 2772 680 2825 intel
716 2771 1022 2842 philologos
1064 2771 1371 2823 historicos‘
1360 2787 1465 2837 =ue
1500 2788 1588 2820 au-

1313 2861 1325 2892 1
