1971 3246
889 353 1169 395 -20-

324 482 428 523 esse,
462 467 537 510 sed
563 466 703 521 potius
720 466 912 508 canalem
943 479 995 508 ex
1018 479 1066 508 eo
1090 467 1331 523 deductum,
1358 467 1473 523 quod
1485 466 1681 511 Zosimus
1696 465 1751 522 38)

322 538 449 580 etiam
482 536 676 579 distincte
704 535 895 578 illustrat.
955 535 1272 578 Nahrmalchae
1303 536 1413 579 enim
1435 537 1568 580 multo
1585 536 1753 592 longior

320 620 466 650 cursus
499 609 600 655 erat,
634 604 790 659 quippe
821 617 915 647 cum
945 608 1050 646 teste
1069 604 1279 647 Strabone
1295 605 1346 656 3⁰)
1376 605 1625 649 brevissima
1643 604 1753 647 inter

319 675 584 730 Euphratem
607 677 647 716 et
673 673 837 728 Tigrim
860 672 1063 715 distantia
1082 673 1226 728 paullo
1248 673 1343 729 plus
1363 674 1546 717 ducenta
1563 674 1751 729 expleret

319 745 471 788 stadia.
531 747 758 798 Attamen,
790 755 1050 796 quamquam
1081 742 1334 785 Ammianus
1368 746 1409 785 et
1439 742 1634 786 Zosimus
1665 754 1751 784 non

320 813 463 857 dicunt
494 812 574 855 nisi
604 813 656 855 de
683 811 822 855 canali
838 812 966 854 XXX
985 810 1219 854 stadiorum
1241 811 1549 866 longitudinem
1569 810 1752 853 habente

320 895 455 936 neque
488 882 540 924 de
572 880 864 924 Nahrmalcha
888 880 1002 935 ipsc,
1043 880 1165 934 cuj‘us
1197 880 1416 935 longitudo
1450 880 1581 923 multo
1613 879 1751 934 major

320 955 423 1005 erat,
451 951 570 993 multi
599 950 849 993 vetustiores
868 949 962 992 libri
984 962 1131 992 verum
1148 949 1482 993 Nahrmalcham
1505 963 1532 991 a
1559 948 1750 1005 Trajano

317 1024 357 1063 et
388 1020 547 1063 Severo
576 1025 851 1074 repurgatum
888 1031 981 1061 csse
1012 1019 1177 1061 docent.
1241 1018 1345 1069 Quis
1375 1022 1520 1060 tamen
1547 1021 1632 1073 est,
1676 1016 1748 1070 qui

316 1089 472 1144 credat,
500 1088 684 1142 aliquem
717 1088 950 1143 principem
984 1087 1178 1130 canalem
1209 1090 1297 1129 tam
1329 1087 1461 1129 latum
1491 1090 1532 1129 et
1550 1090 1638 1128 tam
1656 1077 1745 1128 lon-

317 1171 418 1213 gum
452 1157 574 1199 unius
604 1156 886 1211 expeditionis
918 1155 1055 1211 spatio
1089 1156 1243 1199 ducere
1272 1155 1340 1198 vel
1369 1155 1496 1198 modo
1518 1167 1750 1210 repurgare

316 1226 538 1282 potuisse?
600 1225 795 1268 Ceterum
827 1239 910 1266 non
941 1224 1042 1267 satis
1073 1229 1268 1267 constare
1299 1223 1401 1266 mihi
1425 1223 1603 1278 videtur,
1630 1222 1748 1266 illam

314 1297 475 1339 fossam
504 1294 675 1337 omnino
698 1294 933 1348 Trajanum
966 1293 1152 1336 duxisse.
1196 1293 1276 1336 Dio
1298 1292 1470 1346 quidem
1493 1292 1679 1344 Cassius,
1695 1292 1749 1345 40)

310 1363 382 1418 qui
421 1367 555 1406 totum
597 1362 933 1406 Nahrmalcham
972 1362 1014 1404 in
1054 1367 1195 1405 mente
1225 1362 1423 1405 habuisse
1463 1361 1647 1417 videtur,
1679 1360 1749 1416 ait,

315 1434 552 1488 Trajanum
584 1432 776 1475 canalem
809 1446 861 1474 ex
890 1431 1109 1487 Euphrate
1139 1431 1293 1474 ducere
1319 1431 1518 1481 noluisse,
1550 1428 1747 1489 veritum,

311 1503 348 1546 si
378 1503 618 1558 Euphrates
660 1502 777 1544 fossa
810 1501 936 1544 latius
977 1501 1188 1555 altiusque
1209 1501 1338 1544 ducta
1366 1501 1409 1543 in
1440 1499 1602 1554 Tigrim
1636 1497 1745 1541 deri-

313 1576 496 1622 varetur,
529 1585 582 1614 ne
612 1571 806 1625 navigari
837 1584 920 1612 non
951 1574 1108 1625 posset
1169 1569 1361 1612 Navibus
1388 1569 1518 1624 igitur
1547 1568 1629 1625 ope
1648 1569 1745 1611 sub-

308 1641 518 1696 ¹jectorum
548 1641 818 1695 pulvinorum
850 1638 1146 1694 transportatis
1176 1651 1252 1694 per
1282 1638 1549 1693 interJectum
1578 1637 1746 1692 utrique

313 1710 475 1753 flumini
502 1710 709 1765 spatium,
753 1722 837 1762 qua
874 1708 1171 1751 brevissimum
1203 1708 1277 1764 sit,
1317 1707 1480 1762 Tigrim
1508 1706 1742 1762 traJecisse.

314 1781 380 1823 Ne
421 1780 544 1823 certis
577 1779 746 1833 quidem
777 1778 1018 1821 auctoribus
1048 1777 1330 1834 comperimus
1362 1777 1568 1819 Severum
1600 1789 1745 1831 repur-

315 1864 442 1905 gasse
473 1849 746 1900 canalemfls)
809 1847 1012 1890 Libanius
1028 1848 1082 1902 42)
1113 1861 1208 1890 eum
1253 1846 1469 1903 canalem,
1511 1859 1637 1900 quem
1671 1845 1746 1888 Ju-

313 1918 452 1962 lianus
481 1917 703 1974 repurgari
724 1916 877 1971 ,iussin
900 1916 1062 1971 antiqui
1081 1916 1194 1971 regis
1219 1929 1325 1971 opus
1346 1915 1456 1961 dicit.
1501 1916 1601 1959 Jam
1627 1914 1747 1956 Man-

313 1988 524 2039 nertus43)
566 1987 816 2042 arbitratur,
850 1986 965 2028 omni
1000 1984 1377 2029 verisimilitudinis
1415 1984 1556 2040 specie
1585 1996 1744 2039 carere,

314 2057 429 2110 quod
446 2057 723 2100 Seleucenses
741 2055 982 2099 commercii
998 2069 1128 2098 causa
1141 2054 1478 2099 Nahrmalcham
1496 2053 1748 2097 brevissima

317 2127 388 2169 via
419 2140 514 2170 cum
546 2126 721 2181 Trigide
751 2139 836 2168 non
876 2124 1188 2180 conjunxerint.
1245 2125 1301 2167 Et
1337 2116 1526 2180 profecto
1564 2123 1600 2167 si
1639 2136 1749 2177 quae

314 2195 541 2240 commoda
596 2209 648 2238 ex
706 2195 787 2237 hac
836 2194 1133 2249 conjunctione
1175 2194 1452 2237 Seleucenses
1508 2194 1748 2249 percepturi

311 2265 467 2309 fuerint
507 2265 726 2308 nobiscum
770 2267 1038 2319 reputamus,
1082 2276 1222 2306 nonne
1261 2262 1361 2306 inde
1401 2262 1612 2318 conjicere
1637 2262 1745 2319 licet,

309 2334 404 2390 jam
444 2334 669 2378 Seleucum
713 2333 955 2377 Nicatorem
992 2334 1034 2375 in
1074 2334 1257 2388 gratiam
1296 2332 1411 2375 urbis
1442 2332 1496 2375 ab
1528 2332 1620 2389 ipso
1647 2345 1744 2375 con-

407 2450 466 2495 38)
492 2449 622 2485 Zosim.
651 2449 717 2493 III,
742 2449 796 2484 24.

406 2508 466 2553 39)
491 2508 624 2543 Strabo
649 2507 755 2552 XVI,
783 2507 871 2542 746:
897 2503 960 2551 „vsi
983 2505 1012 2537 δ’
1037 2503 1217 2548 ἐλάχιστον
1235 2505 1346 2550 μικρῷ
1365 2505 1468 2539 πλέον
1488 2505 1558 2537 τῶν
1578 2502 1746 2538 &anacim

315 2565 402 2600 κατὰ
431 2563 638 2600 Σελεύκειάν
663 2577 734 2599 που
763 2565 822 2598 καὶ
846 2564 1075 2607 Β(ιβυλῶινα.“

405 2626 465 2670 40)
490 2625 563 2660 Dio
590 2624 689 2660 CaSS.
715 2622 895 2666 LXVIII,
920 2622 975 2656 28.

404 2684 462 2725 41)
492 2682 694 2726 Herodian,
720 2681 787 2726 ΙΙΙ,
811 2680 842 2714 9.
870 2679 914 2715 οἱ,
947 2679 1018 2713 Dio
1046 2678 1144 2713 Cass.
1174 2678 1333 2725 LXXV,
1359 2690 1378 2714 c
1416 2680 1445 2713 9,

404 2740 463 2784 42)
490 2740 539 2785 II,
563 2740 630 2775 319
656 2740 701 2776 ed.
727 2737 893 2774 Morelli:
922 2738 1045 2783 ,ἔργον
1070 2738 1133 2782 μὲν
1158 2732 1320 2772 ὴαλαιοῦ
1345 2736 1551 2780 βασιλέως.“

402 2798 463 2847 43)
488 2798 624 2846 Geogr.
648 2801 716 2835 etc.
742 2797 788 2843 V,
814 2797 845 2832 2.
871 2796 949 2833 344.
