1971 3246
868 324 927 332 a.
985 294 1151 342 14-

364 412 521 467 fierent,
556 412 832 455 coercendam
851 416 940 455 tum
965 424 1066 454 vero
1099 410 1155 454 ad
1177 424 1350 467 campos
1370 412 1572 467 rigandos
1589 410 1785 466 utrinque

341 482 469 525 fuisse
494 481 681 526 seissam.
701 482 735 536 ⁷)
797 480 986 531 Quarum
1009 481 1220 523 fossarum
1241 486 1440 535 quattuor
1456 481 1662 537 imprimis
1681 482 1775 524 lau-

340 551 511 605 dantur,
562 564 671 604 quae
713 564 740 591 a
780 550 1039 605 geographis
1080 550 1382 605 posterioribus
1422 557 1628 594 vocantur
1656 550 1777 594 Nahr

343 621 425 671 Isa,
458 620 579 662 Nahr
612 620 777 673 Sal-sar,
805 619 927 661 Nahr
958 618 1140 668 Maleha,
1170 618 1292 661 Nahr
1322 619 1559 672 Kutiiah.⁸)
1601 620 1668 661 Ex
1689 618 1779 673 qui-

342 689 430 744 bus,
465 692 510 730 ut
543 688 612 742 qui
644 688 748 731 situs
764 687 983 731 Seleuciae
1013 687 1136 730 fuerit
1161 688 1460 744 intelligamus,
1478 687 1627 731 tertius
1652 701 1779 730 cana-

342 757 394 800 lis
434 757 610 799 maximi
653 761 716 800 est
757 757 970 801 momenti.
1032 755 1159 798 Varie
1200 755 1305 798 illud
1333 756 1575 799 nominatur
1604 756 1774 801 flumen.

340 826 519 881 Polybio
553 830 615 868 est
641 821 855 880 βασιλικὴ
885 824 1055 879 διῶρυξ,
1089 825 1349 868 Ptolemano
1367 826 1416 876 10)
1453 826 1676 880 βασίλειος
1705 841 1781 867 πο-

346 891 509 950 ταμὸς,
553 895 716 937 Isidoro
758 895 1075 946 Characeno¹¹)
1122 891 1353 951 Ncepnciza
1391 907 1466 937 seu
1511 890 1778 950 Ναρμάλχα,

346 964 515 1006 Zosimo
538 965 587 1016 12)
607 960 929 1020 Ναρμαλάχης,
948 963 1217 1018 Abyden013)
1241 960 1547 1019 Ἀρμακάλης,
1574 962 1710 1005 Plinio
1728 963 1779 1015 14’)

342 1032 609 1078 Armalehar.
638 1032 970 1075 Aeeuratissime
989 1031 1242 1075 Ammianus
1261 1031 1532 1074 Marcellinus
1548 1031 1600 1084 15)
1626 1044 1782 1075 nomen

344 1101 538 1144 tradidit:
581 1101 873 1144 Naarmalcha
899 1100 926 1145 i.
960 1114 995 1144 e.
1027 1100 1164 1143 amnis
1196 1113 1356 1155 regum.
1417 1100 1496 1143 Hie
1526 1114 1628 1143 vero
1657 1114 1782 1143 oana-

346 1171 397 1213 lis
428 1171 569 1225 regius
599 1184 784 1224 quonam
814 1169 1082 1225 potissimum
1113 1170 1206 1212 loeo
1237 1183 1333 1212 eum
1363 1170 1586 1225 Euphrate
1607 1170 1781 1225 junctus

347 1240 473 1282 fuerit
502 1240 690 1283 nondum
720 1240 863 1292 liquet,
896 1253 995 1281 nam
1027 1238 1141 1292 quod
1173 1238 1457 1295 Chesneyana
1487 1252 1648 1295 mappa
1682 1239 1774 1286 V11.

349 1309 530 1362 exhibet,
562 1323 646 1351 non
678 1309 833 1360 nititur,
865 1312 910 1350 ut
933 1308 1026 1362 jam
1045 1308 1274 1351 Muellerus
1292 1309 1341 1361 16)
1361 1308 1679 1363 demonstravit,
1699 1307 1780 1350 nisi

346 1378 601 1432 conjectura.
662 1378 822 1420 Plinius
842 1379 892 1429 17)
926 1377 1055 1420 tradit
1086 1377 1225 1420 vieum
1256 1378 1472 1431 quendum
1494 1377 1716 1431 Massicen,
1737 1377 1778 1429 *)

347 1448 467 1502 eujus
520 1447 688 1500 quidem
731 1447 856 1490 situm
897 1446 1153 1501 ignoramus.
1222 1447 1436 1490 Affluebat
1484 1446 1778 1489 Nam-malcha

441 1585 475 1630 7)
502 1584 597 1619 Plin.
634 1584 680 1618 H.
709 1584 751 1620 N.
778 1584 849 1628 VI,
874 1584 929 1618 26.
971 1585 1043 1619 1⁶20.
1091 1585 1212 1621 Sti-ab.
1239 1585 1344 1631 XVI,
1373 1585 1450 1621 740.
1477 1586 1544 1620 741
1570 1584 1619 1620 ef.
1644 1583 1789 1619 Herod.

350 1643 379 1687 1,
405 1643 484 1677 184.

443 1700 475 1742 8)
507 1699 716 1739 Abulfeda,
747 1700 841 1734 trad.
869 1700 914 1734 de
947 1699 1098 1735 l'Arabe
1129 1713 1172 1735 en
1199 1701 1315 1747 frane.
1341 1711 1407 1747 par
1432 1700 1481 1736 M.
1506 1700 1690 1745 Reinaud‚
1714 1699 1784 1734 vol.

343 1758 401 1801 II,
438 1771 472 1804 p.
505 1759 547 1792 66
587 1770 640 1803 sq.
695 1757 817 1792 Edrisi
842 1758 934 1791 trad.
961 1770 1028 1803 par
1052 1758 1101 1792 M.
1127 1759 1303 1803 Jaubert,
1341 1759 1411 1793 vol.
1439 1758 1484 1801 ΙΙ,
1508 1770 1544 1804 p.
1571 1758 1634 1792 157
1661 1769 1713 1803 sq.
1740 1757 1786 1793 cf.

345 1815 516 1861 Xenoph.
542 1815 663 1849 Anah.
692 1815 719 1858 Ι7
747 1815 777 1848 7.
807 1815 858 1850 15.
906 1815 953 1859 Il,
979 1815 1010 1850 4.
1038 1816 1093 1849 13.
1637 1836 1648 1844 v

438 1874 478 1918 9)
503 1873 549 1916 V,
574 1874 629 1914 51,
654 1873 685 1906 6.

441 1932 497 1974 10)
523 1930 569 1973 V,
602 1930 637 1964 17
665 1930 709 1965 ed
753 1930 930 1976 Wilberg.

445 1989 501 2033 11)
528 1987 663 2033 Geogr.
690 2000 744 2034 gr.
770 1988 855 2023 min.
883 1988 939 2022 ed.
965 1987 1101 2023 Miiller
1124 1987 1194 2022 vol,
1222 1988 1247 2022 Ι.
1274 2000 1307 2034 p.
1332 1987 1410 2022 249.

444 2046 501 2084 12)
526 2045 597 2085 111,
624 2046 679 2079 24.

441 2103 498 2149 13)
524 2102 649 2148 Abyd.
676 2102 776 2148 apud
801 2102 936 2138 Euseb.
963 2104 1008 2137 (le
1033 2114 1157 2149 praep.
1188 2103 1327 2149 Evang.
1355 2103 1423 2147 IX,
1449 2102 1506 2137 41.

440 2161 499 2204 14)
525 2160 590 2202 VI,
617 2160 671 2193 26.
707 2161 779 2195 120.
828 2160 1064 2195 Detlefsenus
1097 2161 1308 2195 emendavit
1342 2158 1641 2196 Nahrmalcham.

443 2218 500 2263 15)
526 2217 672 2262 XXIV,
699 2218 731 2251 ⁴2.
758 2217 800 2261 7.,
851 2218 883 2251 6.
911 2220 939 2253 1.

445 2277 501 2318 16)
528 2277 663 2321 Geogr.
688 2288 740 2321 gr.
767 2276 852 2310 min.
878 2276 907 2310 I.
933 2276 1010 2310 249.

444 2333 499 2376 17)
529 2333 577 2377 V,
610 2334 666 2368 26.
698 2334 752 2367 UO.
776 2334 1042 2377 ³²³·Mannertus,
1068 2334 1212 2369 Zosimo
1237 2334 1344 2368 nixus
1368 2332 1661 2369 Nahrmaleham
1686 2331 1786 2378 apud

352 2390 583 2425 Phisseniam
617 2402 661 2424 ex
691 2390 882 2436 Euphrate
913 2392 1065 2426 ductum
1091 2403 1169 2426 esse
1195 2391 1394 2426 contendit.
1441 2391 1495 2425 At
1522 2390 1690 2425 Zosimus
1714 2388 1784 2431 ΙΙΙ,

352 2450 405 2486 19.
433 2448 860 2483 seeunduml’hisseniae
886 2460 1030 2483 murum
1058 2449 1205 2483 ductam
1235 2448 1349 2483 fuisse
1374 2448 1512 2483 fossam
1532 2447 1659 2491 refert,
1676 2457 1787 2493 quam

353 2518 441 2541 sane
466 2506 681 2540 altissimam
706 2506 840 2542 Persae
864 2506 1088 2552 repleverint
1112 2518 1220 2552 aqua,
1248 2510 1354 2552 parte
1379 2517 1453 2540 non
1479 2506 1615 2551 exigua
1631 2503 1787 2550 proximi

353 2565 516 2599 fluminis
541 2563 635 2609 regii
664 2564 701 2598 in
727 2574 807 2598 eam
835 2564 1011 2598 derivata.
1048 2564 1204 2598 Temere
1231 2564 1346 2611 igitur
1370 2575 1412 2597 ex
1438 2564 1508 2597 hoe
1535 2562 1673 2597 Zosimi
1699 2561 1781 2597 loco

354 2623 546 2668 collegisse
586 2622 750 2666 videtur,
782 2621 1068 2656 Nalirmaleham
1100 2622 1201 2668 apud
1242 2621 1473 2656 Phisseniam
1515 2631 1559 2655 ex
1597 2619 1788 2665 Euphrate

354 2681 558 2716 derivatum
586 2680 710 2715 fuisse.
