1971 3246
939 355 1224 397 -34—

366 468 555 511 lanificiis
588 471 627 508 et
659 472 748 508 arte
775 467 956 508 textoria
986 468 1185 511 claruisse
1218 474 1364 511 notum
1395 473 1468 512 est.
1510 469 1647 512 Nemo
1669 466 1788 523 igno-

366 542 440 592 rat,
471 536 578 578 inter
606 549 752 577 omnes
770 535 949 589 populos
962 536 1221 590 Babylonica
1242 537 1588 591 peristromata-⁷)
1605 537 1789 593 beluata,

366 607 406 647 in
435 606 584 659 quibus
624 603 910 645 131111111511111111
952 604 1198 645 311111131111111
1238 610 1279 646 et
1309 604 1557 646 immanium
1583 603 1790 649 monstro-

366 689 483 726 rum,
529 673 671 726 qualia
701 672 741 713 in
774 671 894 712 India
923 673 1039 714 nasei
1070 672 1381 714 mentiebantur
1413 673 1576 726 Graeci,
1607 674 1790 716 eontine-

365 745 518 785 bantur
552 742 772 795 imagines,
804 740 924 793 cujus
947 741 1060 783 modi
1082 746 1201 782 erant
1217 755 1387 796 grypes,
1420 741 1791 797 hippalectryones

365 811 599 862 similiaque
636 814 845 862 monstra,
877 822 1037 863 inagna
1065 809 1308 851 celebritate
1336 809 1477 851 famae
1505 810 1649 853 fuisse.
1706 810 1789 852 He-

363 880 534 935 sychius
578 879 677 920 dicit
715 878 770 919 ad
808 891 955 920 vocem
988 875 1453 933 ι’ππαλεκτρυώνῑ
1516 874 1624 927 ,,τὸν
1653 883 1791 934 μέγαν

363 945 633 1004 ἀλεκτρυόνα
677 943 697 997 i)
742 942 817 988 Τὸν
859 943 1141 1005 γραψάμενον
1183 951 1227 988 ἐν
1270 954 1360 995 τοῖς
1393 948 1627 1001 Περσικοῖς
1658 963 1791 989 κατα-

363 1013 659 1071 στριόλιιασινέ(
720 1014 832 1056 Velis
864 1020 1003 1056 autem
1033 1019 1072 1056 et
1103 1015 1263 1057 aulaeis
1294 1015 1490 1057 texendis
1507 1028 1677 1070 semper
1691 1028 1790 1071 ope-

361 1097 451 1126 ram
497 1083 665 1125 dedisse
693 1083 883 1125 Judaeos
926 1097 947 1125 e
977 1084 1107 1126 sacris
1136 1084 1248 1126 libris
1265 1084 1294 1135 s)
1331 1088 1507 1128 constat.
1567 1084 1618 1126 In
1650 1082 1790 1139 Baby-

359 1154 473 1196 lonia
501 1154 676 1205 aliisque
699 1152 877 1194 Persicis
908 1165 983 1193 seu
1007 1152 1230 1194 Parthicae
1263 1152 1439 1194 dicionis
1466 1152 1568 1195 loeis
1589 1152 1789 1208 plerique,

360 1226 405 1263 ut
436 1235 565 1276 supra
595 1221 1046 1271 commemoravimus‚
1079 1221 1105 1263 J
1110 1221 1235 1262 udaei
1267 1221 1528 1272 habitabant,
1556 1234 1579 1262 e
1609 1234 1788 1275 quorum

359 1291 551 1332 textrinis
597 1291 685 1331 sine
724 1289 850 1331 dubio
897 1290 1027 1330 multa
1067 1303 1235 1343 qnoque
1274 1289 1394 1332 istius
1426 1289 1541 1331 modi
1562 1289 1791 1344 prodibant

359 1359 528 1414 tapetia.
611 1358 932 1399 Adhibebamur
985 1371 1084 1400 vero
1134 1358 1207 1399 illa
1256 1358 1450 1412 stra-gula
1499 1358 1589 1400 sive
1629 1359 1790 1413 tapetia

360 1426 637 1484 (στριύλιιαῖα,
683 1423 1046 1481 περιστρώματα,
1094 1423 1478 1481 περιπετάσματα)
1518 1440 1604 1468 non
1650 1427 1788 1470 solum

359 1497 413 1538 ad
443 1496 601 1551 templa
636 1500 896 1547 exornanda,
928 1497 1003 1537 sed
1036 1495 1163 1536 etiam
1191 1495 1347 1537 mensis
1376 1495 1578 1548 lectisque
1605 1496 1789 1538 subster-

358 1567 613 1616 nebantui·²>')
652 1571 691 1606 et
732 1564 911 1605 aliarum
951 1578 1090 1606 rerum
1132 1564 1297 1606 ornatui
1338 1565 1644 1608 inserviebant:
1698 1566 1790 1608 Nec

356 1634 562 1676 minorem
592 1634 750 1674 famam
786 1641 925 1675 vestes
961 1632 1318 1688 Babylonicaew)
1352 1633 1577 1688 habebant,
1609 1646 1788 1687 quarum

357 1704 619 1746 clarissimae
659 1708 831 1757 propter
863 1702 1137 1744 subtilitatem
1169 1708 1362 1744 texturae
1392 1716 1441 1744 ac
1470 1702 1785 1756 pigmentorum

355 1773 501 1814 florem
532 1778 659 1824 atque
692 1773 876 1812 colorem
910 1771 1097 1813 vestibus
1115 1770 1294 1812 Medicis
1324 1783 1450 1825 pares
1474 1770 1787 1824 judicabantur.

358 1842 699 1884 Consentaneum
725 1849 798 1895 cst,
832 1840 1065 1882 maximam
1088 1840 1306 1895 bombycis
1325 1843 1490 1893 partem
1507 1852 1530 1881 e
1547 1839 1787 1895 Carmania,

354 1912 532 1964 Arabia,
573 1912 703 1964 Syria
739 1923 832 1952 esse
868 1910 1207 1964 imp01·tatam.ss)
1267 1910 1444 1951 Praeter
1482 1908 1588 1951 haee
1623 1908 1789 1964 opificia

446 2027 480 2071 ἶ)
504 2025 625 2059 Plaut.
671 2025 783 2059 Stich.
827 2025 895 2067 III,
939 2024 970 2066 2,
1009 2024 1062 2058 54.
1114 2022 1286 2057 Pseudol.
1318 2022 1355 2065 Ι,
1389 2022 1524 2066 2168.
1553 2021 1600 2057 cf.
1629 2022 1787 2071 Heeren‚

354 2084 478 2127 ffleen,
496 2089 562 2118 etc.
592 2084 617 2123 1,
643 2084 675 2117 2.
705 2095 738 2128 p.
756 2083 823 2116 205
850 2094 926 2127 squ.
952 2081 1085 2115 Catull.
1102 2080 1238 2116 LXIV.
1269 2079 1315 2115 cf.
1342 2080 1389 2114 Is.
1404 2079 1526 2119 Vossii
1549 2080 1717 2115 observv.
1739 2081 1789 2115 ad

354 2142 392 2177 C.
422 2141 500 2176 Val.
526 2141 658 2175 Catull
688 2153 721 2185 p.
752 2141 814 2173 195
840 2152 919 2185 sqq.
971 2138 1114 2182 Buhle,
1145 2137 1422 2183 Babylonische
1447 2137 1571 2183 Zeuge
1594 2137 1633 2172 in
1656 2137 1788 2173 Erseh.

353 2205 389 2235 et
422 2199 579 2234 Gruber.
613 2198 767 2243 Encycl.
797 2198 894 2231 uniV.
922 2197 958 2240 1,
985 2197 1003 2229 7
1038 2210 1071 2242 p.
1104 2196 1149 2230 24
1173 2208 1251 2242 sqq.
1301 2196 1490 2241 Aristoph.
1518 2195 1614 2232 Ran.
1640 2207 1674 2233 V.
1706 2195 1786 2230 935.

352 2258 486 2293 Athen.
514 2257 559 2301 V,
585 2258 616 2290 6.
644 2256 706 2290 197
735 2255 777 2289 Β.
826 2254 951 2299 Eurip.
975 2253 1049 2288 Jon
1078 2254 1176 2287 1161.

442 2315 474 2356 8)
504 2314 589 2348 Lib.
623 2314 671 2348 II.
700 2313 791 2348 Mos.
821 2324 851 2347 c.
878 2312 932 2355 26,
957 2323 1014 2345 vv.
1043 2313 1071 2345 l.
1100 2312 1155 2345 31.
1180 2312 1234 2344 36.
1261 2321 1289 2345 c.
1316 2311 1371 2353 27,
1399 2311 1453 2345 16.
1480 2321 1509 2344 c.
1537 2309 1592 2354 28,
1618 2311 1648 2344 6.
1674 2320 1706 2344 e.
1731 2309 1786 2354 35,

351 2374 405 2408 35.
432 2384 461 2408 e.
485 2373 540 2416 56,
563 2374 585 2406 8
617 2375 653 2406 et
678 2371 778 2405 alibi.

441 2430 481 2475 9)
506 2430 643 2464 Athen.
669 2429 717 2472 11,
743 2430 797 2464 30.
823 2429 877 2462 48.

443 2490 500 2532 10)
526 2488 682 2531 Heeren,
710 2486 819 2521 ldeen
845 2486 872 2529 I,
898 2485 920 2519 l.
948 2485 968 2519 1.
1018 2483 1236 2527 Hoffmann,
1269 2482 1494 2518 Greschichte
1517 2482 1582 2517 des
1605 2480 1784 2524 Handels,

351 2547 414 2582 der
437 2547 641 2581 Erdlmnde
667 2557 700 2579 11.
728 2544 945 2579 Sebifffahrt
969 2543 1058 2577 aller
1083 2542 1223 2577 Volker
1246 2554 1281 2576 uv
1308 2543 1472 2576 Staaten.
1499 2539 1659 2585 Leipzig
1679 2537 1782 2573 1844.

349 2618 382 2650 p.
420 2605 498 2638 22⁴2.
548 2603 736 2649 Theophr.
772 2602 854 2636 hist.
889 2603 1003 2647 plant.
1035 2600 1099 2643 IV,
1125 2600 1157 2633 5».
1207 2600 1246 2641 ἓ)
1272 2597 1522 2633 Celeberrima
1545 2597 1659 2642 hujus
1682 2594 1784 2629 modi

349 2661 509 2696 lanificia
536 2663 571 2695 in
600 2661 690 2695 urbe
704 2659 888 2705 Borsippa
914 2658 1074 2702 fuerunt,
1101 2668 1259 2703 quorum
1284 2655 1421 2691 mentio
1447 2659 1533 2690 ante
1552 2654 1692 2700 Cyrum
1702 2653 1782 2698 jam

350 2720 508 2755 occurrit
536 2720 624 2763 [dos.
653 2731 682 2753 e.
709 2719 844 2764 Apion
872 2718 901 2761 l,
926 2717 985 2762 20)
1014 2727 1189 2763 quaeque
1211 2714 1406 2750 Strabonis
1429 2712 1557 2759 (XVI,
1582 2711 1663 2754 739)
1687 2714 1777 2744 tem-

347 2789 436 2824 pore
461 2778 584 2812 adhue
608 2777 800 2812 florebant.
846 2776 1041 2819 Conferas,
1075 2775 1174 2820 quod
1200 2773 1334 2810 Strabo
1363 2771 1484 2818 (XVI,
1511 2769 1593 2816 748)
1615 2769 1660 2804 de
1687 2767 1780 2803 urbe
