1955 3262
764 323 1044 367 „29-

197 436 305 480 inter
334 436 537 479 sactiones
563 436 835 480 vehementer
855 443 1059 481 certatum
1078 449 1183 481 esse.
1219 439 1330 481 Nam
1352 439 1557 494 Polybius
1574 439 1623 489 ¹²)

198 505 434 548 Seleuciam
466 517 493 547 a
523 505 702 547 Molonis
734 506 954 561 imperium
987 507 1182 550 Antiochi
1213 507 1359 562 Magni
1391 508 1625 552 detrectan-

198 574 250 617 tis
279 577 401 629 parte
431 573 559 616 fuisse
590 573 727 615 tradit.
790 574 931 616 Facile
949 574 1123 630 intelligi
1147 580 1298 631 potest,
1332 589 1416 618 non
1438 576 1624 621 Graecos

199 646 240 685 et
267 642 527 685 Macedonas
558 655 585 684 a
613 642 838 685 Seleucida
868 643 1107 696 descivisse,
1138 644 1213 687 sed
1234 645 1373 699 potius
1396 646 1625 701 populares

200 710 241 764 (i.
273 723 308 753 e.
338 710 698 766 ,‚Volkspartei“),
731 724 836 764 quos
866 711 1092 766 Josephus‚
1125 717 1169 754 ut
1199 725 1328 767 supra
1339 713 1432 768 jam
1454 714 1626 757 demon-

199 779 350 834 stravi,
383 781 553 822 omnino
582 777 760 837 Σύροι-ς
792 785 916 822 vocat
947 780 971 822 i.
1003 793 1037 823 e.
1068 780 1314 835 indigenas,
1346 783 1417 836 qui
1445 782 1626 826 Graeco-

198 860 290 890 rum
322 848 652 891 ‹lominationem
680 848 855 902 indigne
875 849 1055 891 ferentes
1077 849 1257 892 Molonis
1288 849 1411 893 rebus
1426 852 1629 895 faverent.

198 916 289 959 Hoc
318 920 509 972 tempore
539 916 728 959 maxima
758 916 801 958 in
834 917 936 959 urbe
959 917 1153 959 Seleucia
1179 918 1362 972 partium
1395 920 1629 963 certamina

199 989 293 1028 orta
321 998 436 1035 esse,
467 999 518 1027 ex
552 998 601 1027 eo
637 985 902 1040 intelligitur,
935 986 1049 1040 quod
1079 987 1176 1028 urbs
1208 987 1405 1030 maximis
1431 990 1628 1043 operibus

199 1054 457 1097 communita
486 1054 622 1109 primo
653 1054 814 1109 impetu
843 1054 883 1095 in
912 1054 1094 1097 Molonis
1126 1067 1277 1097 manus
1308 1055 1521 1108 inciditffl)
1583 1057 1629 1099 Si

201 1123 243 1166 in
274 1122 363 1166 istis
395 1123 693 1166 certaminibus
724 1123 932 1165 intestinis
967 1123 1119 1165 Graeci
1149 1130 1189 1166 et
1219 1124 1475 1167 Macedones
1506 1138 1628 1181 supe—

201 1192 331 1234 riores
363 1191 551 1240 fuissent‚
581 1191 694 1233 Molo
717 1192 860 1233 urbem
882 1191 1207 1234 munitissimam
1229 1197 1315 1234 tam
1335 1193 1459 1236 facile
1474 1206 1626 1249 capere

201 1273 286 1303 non
326 1260 539 1315 potuisset.
602 1259 839 1315 Optimates
883 1264 1024 1302 autem
1056 1260 1147 1301 sine
1179 1260 1305 1303 dubio
1335 1274 1361 1302 a
1390 1262 1508 1317 Syris
1538 1264 1562 1305 i.
1594 1275 1628 1307 e.

201 1342 228 1371 a
256 1328 440 1371 factione
469 1329 663 1384 populari
691 1328 843 1371 devicti
874 1333 1004 1383 erant,
1038 1341 1147 1381 quae
1175 1329 1328 1372 deinde
1346 1342 1440 1372 cum
1459 1331 1632 1386 insuper

201 1397 439 1452 praefectus
477 1397 618 1451 regius
661 1396 897 1439 Diomedon
938 1409 1032 1439 cum
1075 1396 1161 1439 suis
1191 1397 1452 1454 mgisset1·¹),
1485 1401 1629 1441 urbem

202 1464 294 1508 sine
319 1465 548 1508 certamine
575 1465 733 1508 Moloni
763 1465 946 1508 tradidit.
1008 1465 1101 1507 Huc
1117 1465 1341 1508 reserenda
1362 1467 1463 1508 mibi
1483 1468 1627 1510 viden-

198 1539 264 1577 tur
306 1533 379 1577 illa
422 1534 591 1590 Polybii
637 1535 787 1578 verba:
832 1538 1099 1588 ,,κατὲστησε
1144 1545 1216 1585 (80.
1250 1531 1506 1592 Ἀντίοχος)
1548 1533 1629 1587 τὴν

199 1599 351 1651 πόλιν,
389 1600 550 1645 ἑκατὸν
585 1605 660 1645 καὶ
692 1600 970 1654 πεντήκοντα
1004 1599 1206 1645 τάλαντα
1234 1600 1628 1659 Δμόνον,«ἐπιτίμιον

199 1668 361 1721 αὐτοὺ,Δ
401 1669 681 1729 πραξάμενος
729 1672 803 1723 τῆς
846 1670 1071 1728 c'cyvoiccgff‘
1142 1672 1345 1727 Polybius
1387 1672 1467 1715 hac
1512 1674 1553 1715 in
1585 1687 1629 1716 re

201 1740 478 1784 describenda
508 1740 635 1782 etiam
665 1741 718 1782 de
744 1741 1086 1795 „Adiganibus,“
1118 1740 1188 1793 qui
1215 1742 1494 1793 vocabantur,
1527 1755 1628 1784 non-

200 1810 321 1852 nulla
351 1809 471 1852 nobis
502 1809 638 1852 tradit.
657 1811 708 1861 ¹⁵)
741 1808 860 1859 Quae
891 1822 975 1850 vox
1008 1808 1108 1862 quid
1130 1809 1349 1863 significet,
1381 1809 1548 1853 difficile
1570 1817 1632 1853 est

201 1878 428 1934 explicatu.
491 1878 699 1931 Equidem
730 1877 908 1932 Calnpio
926 1879 975 1927 16)
1016 1877 1243 1931 assentior,
1291 1878 1362 1931 qui
1409 1878 1629 1932 Adiganas

202 1946 406 1989 familiam
437 1947 651 2004 quandam
681 1947 810 1990 fuisse
838 1947 1060 2001 conjectat.
1120 1946 1213 1989 Hoc
1243 1946 1344 1988 mihi
1376 1959 1459 1988 non
1490 1960 1516 1988 a
1547 1947 1629 1989 fide

201 2016 428 2060 abhorrere
480 2016 653 2059 videtur.
728 2016 846 2058 Adeo
895 2020 1037 2059 tamen
1069 2015 1229 2058 incerta
1257 2018 1376 2071 sunt,
1407 2028 1516 2068 quae
1549 2016 1625 2058 viri

295 2130 354 2174 12)
383 2129 461 2165 Pol.
488 2129 534 2174 V,
560 2130 614 2173 48,
644 2132 695 2164 12.
720 2130 777 2174 54,
801 2131 853 2164 11.

295 2187 354 2233 13)
378 2187 510 2232 Polyb.
540 2188 583 2232 V,
609 2188 731 2232 48,12.

296 2246 354 2289 14)
380 2245 458 2280 Pol.
486 2246 532 2290 V,
558 2246 614 2290 54,
644 2247 698 2281 11.

299 2303 353 2347 15)
382 2303 428 2347 V,
455 2305 510 2348 54,
534 2305 579 2338 10
594 2304 774 2349 Polybius
791 2304 900 2339 etiam
921 2314 1122 2349 poenarum
1142 2303 1362 2340 mentionem
1379 2304 1479 2350 facit,
1496 2306 1630 2353 quibus

205 2359 385 2406 Hermiae,
409 2361 470 2397 ille
482 2361 654 2396 Antiochi
679 2361 997 2405 familiarissimus,
1023 2361 1256 2396 Seleucenses
1278 2361 1412 2396 affecit.
1439 2363 1630 2409 Adiganas

205 2417 244 2452 in
267 2418 417 2454 exilium
445 2419 555 2465 ejecit
586 2419 778 2465 ipsamque
809 2418 938 2453 urbem
963 2418 1111 2453 milibus
1136 2418 1284 2452 talentis
1307 2419 1488 2454 multavit.
1538 2420 1630 2455 Mul-

205 2480 264 2511 tos
289 2477 561 2512 Seleucensium
593 2479 740 2513 vexavit
769 2482 880 2523 atque
905 2476 1098 2519 cruciavit,
1130 2476 1263 2510 multos
1289 2476 1496 2511 trucidavit.
1551 2476 1629 2512 Rex

205 2538 329 2569 autem
351 2538 497 2571 tantum
517 2537 580 2572 CL
604 2537 744 2572 talenta
768 2535 895 2570 urbem
920 2534 1061 2569 solvere
1081 2534 1202 2580 jussit.

300 2592 360 2639 16)
386 2593 565 2640 Polybios
601 2594 734 2630 Gesch.
778 2593 896 2629 iibers.
931 2603 1002 2627 von
1037 2592 1175 2638 Campe
1207 2592 1270 2627 lib.
1297 2591 1331 2628 V
1356 2603 1389 2636 p.
1414 2592 1480 2627 577
1507 2597 1580 2628 not.
1608 2596 1624 2631 1

211 2657 254 2699 (c-
283 2651 354 2695 54).
381 2650 428 2688 cf.
453 2655 589 2702 Pauly,
617 2652 850 2700 Realencycl.
875 2650 940 2695 Vl,
973 2651 1001 2685 1.
1027 2665 1063 2698 p.
1090 2649 1166 2684 948.
1200 2654 1274 2685 not.
