1971 3246
290 441 388 472 nem
418 431 567 472 nactus
599 431 780 474 Arsaces
809 430 880 474 VI.
911 430 1178 474 Mithridates
1205 430 1342 474 occiso
1365 431 1568 474 Demetrii
1598 445 1722 487 prae-

288 497 398 540 fecto
428 497 710 554 Babyloniam
741 500 898 555 urbem,
933 512 1020 553 quo
1051 499 1232 552 nomine,
1267 503 1313 541 ut
1333 499 1428 554 Jam
1460 500 1723 544 demonstra-

290 565 440 617 vimus,
465 567 697 621 posteriore
718 572 908 623 tempore
919 568 1113 611 Seleucia
1135 568 1191 611 ad
1206 568 1370 623 Tigrim
1390 568 1534 611 vocari
1549 570 1724 624 solebat,

291 634 469 689 eJusque
509 635 613 678 fines
654 636 875 679 universos
922 636 1055 679 victor
1092 636 1248 679 invasit
1282 636 1591 692 imperiumque
1620 638 1724 680 Par-

290 703 457 747 thorum
500 717 635 758 usque
669 705 725 746 ad
754 705 1020 760 Euphratem
1051 704 1208 747 flumen
1236 705 1488 760 protulit.2¹)
1550 708 1607 748 At
1638 719 1724 749 non

294 773 432 816 solum
463 772 615 815 Graeci
644 777 685 815 et
712 773 982 826 Macedones,
1014 773 1090 817 sed
1118 773 1245 816 etiam
1266 773 1446 827 barbari,
1478 773 1607 828 quiin
1627 788 1724 831 pro-

289 840 433 883 vinciis
463 854 491 883 a
510 840 679 884 Parthis
708 841 835 885 modo
866 841 1052 885 subactis
1083 842 1206 885 sedes
1220 842 1444 898 habebant,
1476 841 1596 884 inviti
1620 843 1722 892 Par-

290 909 459 952 thorum
491 909 824 952 dominationem
856 910 1132 966 ferebant.22)
1192 911 1426 966 Pleraeque
1457 911 1569 954 enim
1590 911 1723 958 orien-

290 978 342 1021 tis
373 981 523 1033 gentes
541 978 700 1020 Partho
731 978 927 1021 resistcre
952 992 1038 1021 non
1064 984 1290 1034 potuerant
1321 993 1550 1034 eorumque
1574 978 1722 1034 reguli,

296 1047 490 1101 quamvis
522 1047 665 1101 regnis
695 1046 781 1089 suis
813 1060 898 1089 non
929 1047 1098 1102 spoliati
1127 1053 1280 1100 essent,
1311 1052 1456 1092 tamen
1483 1048 1525 1090 in
1555 1047 1723 1091 cliente-'

288 1115 373 1158 lam
404 1114 647 1157 Parthicam
677 1115 836 1170 recepti
866 1116 1063 1167 erant23)
1117 1115 1270 1158 Graeci
1301 1119 1342 1158 et
1375 1116 1630 1159 Macedones
1655 1129 1723 1159 su-

289 1183 502 1240 periorum
533 1183 846 1239 provinciarum
877 1183 1009 1226 veteri
1040 1183 1325 1226 Macedonum
1356 1184 1534 1240 imperio
1565 1184 1725 1228 assueti

288 1252 345 1295 ad
370 1252 632 1295 Demetrium
661 1252 905 1295 Nicatorem
935 1253 1102 1307 legatos
1132 1252 1302 1295 mittunt
1318 1253 1384 1306 24),
1413 1254 1485 1307 qui
1506 1253 1724 1309 promitte-

290 1325 404 1375 rent,
447 1321 484 1364 si
532 1321 694 1364 veniret
739 1335 785 1364 se
827 1321 988 1364 auxilia
1027 1321 1188 1364 laturos
1230 1335 1323 1365 esse
1353 1327 1502 1365 contra
1531 1322 1724 1365 Parthos.

291 1389 387 1441 Qua
414 1389 467 1433 de
494 1403 540 1433 re
565 1390 722 1434 bellum
749 1391 956 1433 adversus
983 1390 1273 1433 Mithridatem
1303 1391 1520 1434 instituere
1540 1391 1726 1433 decrevit

290 1459 530 1502 Demetrius
560 1459 796 1514 longinqua
821 1472 998 1514 sperans
1030 1473 1080 1501 ac
1103 1459 1244 1501 dubia.
1303 1459 1558 1502 Parthorum
1576 1464 1725 1515 poten-

290 1528 404 1584 tiam,
437 1541 543 1582 quos
573 1528 654 1571 nisi
688 1528 882 1571 omnibus
913 1527 1070 1571 viribus
1101 1531 1230 1582 atque
1261 1528 1410 1584 opibus
1438 1528 1489 1571 iis
1519 1529 1725 1572 obnitere-

291 1601 368 1652 tur,
401 1601 536 1639 totum
567 1610 747 1651 regnum
767 1597 991 1652 Syriacum
1009 1597 1248 1652 perdituros
1266 1610 1359 1640 esse
1377 1597 1495 1651 vidit,
1526 1597 1726 1653 frangere

290 1679 341 1708 ac
361 1665 599 1708 Seleuciam
631 1670 671 1708 et
699 1665 937 1721 superiores
966 1665 1208 1720 provincias
1232 1678 1485 1721 recuperare
1512 1666 1720 1716 voluit.2⁵›

291 1789 505 1826 Seleucidae
530 1791 628 1827 bello
653 1803 735 1826 cum
761 1791 972 1826 Alexandro
997 1791 1186 1837 implicato
1211 1791 1366 1838 ejusque
1388 1794 1511 1826 tutore
1529 1791 1726 1827 Heraclide

292 1848 478 1894 Byzantio
503 1849 755 1895 Babyloniam
789 1848 977 1893 eripuisse.
1024 1847 1164 1883 Nititur
1196 1847 1235 1882 in
1266 1847 1337 1882 hac
1355 1859 1394 1883 re
1420 1847 1560 1893 Oresio,
1585 1840 1728 1894 qui‘ta-

292 1917 375 1940 men
409 1906 499 1941 nihil
529 1907 574 1942 de
611 1906 754 1941 Soteris
789 1905 887 1940 bello
922 1917 1005 1940 cum
1028 1905 1226 1941 Heraclide
1251 1909 1523 1941 commemorat.
1573 1905 1726 1942 Orosius

291 1962 525 2008 Babyloniae
556 1964 836 2009 occupationem
869 1963 907 1997 in
943 1963 1072 1998 eodem
1104 1968 1268 2008 tempore
1292 1963 1417 2009 ponit,
1462 1975 1535 2010 quo
1567 1963 1728 1998 Romani

293 2018 532 2054 Numantiam
564 2032 781 2067 oppugnare
812 2024 1013 2066 coeperunt
1042 2031 1073 2055 a.
1110 2021 1176 2055 142
1202 2031 1234 2055 a,
1260 2019 1346 2055 Chr.
1370 2024 1468 2066 nat.;
1520 2019 1567 2056 cf.
1591 2020 1727 2066 Bayer,

291 2076 376 2111 hist.
401 2077 507 2123 regni
535 2078 665 2113 Graec.
693 2077 880 2112 Bactriani
904 2090 937 2124 p.
964 2078 1019 2112 90.

385 2134 442 2178 21)
469 2134 572 2170 Oros.
598 2135 644 2181 V,
669 2136 700 2169 4.
725 2135 862 2171 Justin.
889 2135 982 2181 prol.
1008 2135 1110 2170 XLI.

390 2192 450 2238 22)
475 2192 610 2228 Justin.
639 2193 822 2237 XXXVI,
851 2195 878 2237 1,
902 2194 933 2227 3.

389 2250 447 2293 23)
475 2250 595 2285 Sti-ab.
622 2250 707 2294 XV,
733 2250 810 2285 728.
837 2250 913 2285 736.
940 2250 1046 2295 XVI,
1071 2250 1139 2285 744
1163 2250 1210 2284 cf.
1239 2249 1372 2295 Pauly,
1391 2249 1454 2284 VI.
1474 2261 1509 2294 p.
1525 2248 1623 2292 1209,
1645 2247 1737 2300 dus-

296 2305 362 2341 tin.
385 2307 486 2342 XLI.
512 2308 543 2354 6,
568 2310 600 2342 8.

390 2366 450 2411 24)
476 2366 552 2401 Jos.
579 2366 667 2400 Ant.
693 2366 780 2401 Jud.
806 2366 969 2410 X111,5,
999 2367 1051 2400 11.

385 2424 444 2467 2ὸ)
468 2423 546 2458 Jos
572 2425 659 2458 Ant.
690 2423 776 2458 Jud.
806 2423 913 2468 XIII,
940 2424 972 2468 5,
1002 2426 1061 2458 11:
1111 2421 1150 2468 „6
1178 2422 1212 2455 δὲ
1229 2417 1425 2466 Δημήτριος
1447 2418 1571 2461 διαβὰς
1597 2421 1644 2456 εἰς
1669 2417 1729 2463 τὴν

293 2482 574 2526 Μεσοποταμίαν
604 2479 664 2525 ἧκε
695 2480 825 2525 ταύτην
856 2480 1064 2525 βουλόμενος
1099 2481 1158 2512 καὶ
1183 2477 1250 2522 τήν
1275 2479 1474 2521 Βαβυλῶνα
1501 2475 1574 2522 (τὴν
1598 2473 1728 2510 Σελειῖ-

294 2550 388 2571 κειαν
427 2543 517 2585 puto
547 2538 753 2585 Josephum
785 2539 822 2573 in
855 2539 976 2573 animo
1013 2538 1200 2580 habuisse)
1232 2537 1290 2569 καὶ
1319 2537 1387 2569 τῶν
1411 2536 1481 2569 ἄνω
1509 2537 1728 2582 σατραπείων

294 2595 461 2642 ἐγκρατὴς
486 2596 684 2642 γενόμενος,
720 2597 889 2630 ἐνταῦθεν
916 2600 1101 2630 ποιεῖσθαι
1130 2595 1190 2633 τὰς
1217 2594 1302 2639 ὅλης
1326 2596 1386 2640 τῆς
1409 2596 1588 2639 βασιλείας
1612 2592 1728 2640 ἄφαρ-

293 2655 373 2700 μάς.
422 2654 481 2686 καὶ
511 2652 577 2701 γὰρ
612 2657 646 2688 οἱ
678 2652 791 2701 ταύτῇ
829 2655 1069 2692 κατοικοῦντες
1086 2652 1246 2698 ςΈλληνες
1271 2655 1329 2686 καὶ
1354 2652 1557 2690 Μακεδόνες
1581 2652 1728 2693 συνεχῶς

295 2709 542 2757 ἐπρεσβεύοντο
572 2711 660 2758 πρὸς
686 2710 828 2747 αὖτόν.“
867 2713 956 2748 Illos
981 2714 1147 2759 regulos,
1182 2712 1338 2759 quorum
1370 2722 1480 2759 supra
1505 2710 1726 2746 mentionem

297 2768 386 2816 feci,
418 2769 566 2808 minime
604 2771 642 2808 in
674 2774 895 2819 potestatem
927 2770 1200 2808 Seleucidarum
1226 2770 1344 2807 redire
1371 2769 1570 2816 cogitasse,
1594 2779 1659 2814 per
1686 2777 1724 2802 se
