1971 3246
349 393 470 422 usum
498 377 697 420 habuisse
726 390 809 418 non
842 391 1022 431 parvum
1042 379 1083 419 in
1104 377 1384 432 philosophia,
1417 391 1544 431 quam
1562 378 1777 432 professus

349 448 411 492 sit,
472 446 738 495 Alexander,
787 446 938 500 Syriae
974 459 1048 488 rex
1092 450 1132 487 et
1168 446 1276 488 filius
1308 447 1551 501 suppositus
1582 447 1778 488 Antiochi

350 516 582 571 llpiplianis
623 515 664 556 in
706 515 866 556 honore
894 528 989 556 eum
1021 515 1177 569 habuit7
1216 515 1409 568 quamvis
1438 516 1549 557 male
1578 520 1778 569 moratus,

349 585 599 633 maledicus,
641 583 808 626 invidus
852 589 962 625 esset
1006 589 1046 625 et
1087 597 1139 625 ne
1177 584 1346 637 regibus
1374 583 1543 637 quidem
1573 588 1815 639 parceret,⁴

348 655 446 695 (lum
479 654 606 695 risum
639 653 849 706 capta-bat.
884 652 1129 694 Athenaeus
1150 665 1274 706 porro
1304 657 1459 705 narrat,
1488 665 1583 694 eum
1611 653 1683 706 qui
1698 653 1779 694 vir-

348 723 444 764 tutis
477 723 740 764 sacerdotem
773 721 980 775 appellari
1011 734 1056 763 sc
1087 726 1269 775 cuperet,
1301 720 1516 773 quondam
1542 721 1780 763 convictum

349 804 451 838 csse,
485 790 679 832 virtutem
712 790 823 830 male
862 802 907 831 se
941 789 1108 831 habere.
1170 788 1306 839 Quem
1343 788 1664 844 philosophum,
1710 790 1780 842 qui

353 860 564 915 parasitus
606 859 727 911 quasi
762 859 1008 900 Alexandro
1040 858 1171 900 Balae
1204 862 1402 912 acceptus
1434 863 1665 912 gratusque
1692 858 1779 900 sue-

350 932 424 977 rat,
456 928 689 969 Antiochus
722 928 852 975 Deus,
883 926 953 979 qui
983 926 1041 967 illi
1069 927 1109 967 in
1127 939 1257 979 regno
1280 926 1494 972 successit,
1516 926 1606 979 ejus
1627 927 1780 968 acerba
1810 946 1813 948 v

350 995 576 1037 maledicta
605 1008 699 1036 cum
731 994 818 1048 pati
853 995 992 1049 nollet,
1019 994 1210 1048 jugulari
1235 993 1375 1047 jussit.
1436 994 1551 1037 Satis
1575 994 1677 1035 mihi
1697 1007 1781 1036 non

349 1069 525 1113 constat,
558 1069 697 1105 utrum
726 1063 778 1117 hi,
812 1076 916 1115 quos
938 1062 1064 1103 modo
1084 1063 1313 1113 nominavi,
1344 1062 1587 1117 philosophi
1620 1062 1782 1117 origine

349 1133 501 1174 suerint
532 1131 685 1173 Graeci
716 1144 771 1172 an
801 1131 988 1172 Asiatici.
1045 1132 1158 1172 Nam
1201 1131 1326 1172 etiam
1363 1130 1649 1173 Clitomachus
1681 1130 1783 1173 Car-

353 1200 656 1254 thaginiensis,
709 1200 777 1241 ille
820 1199 1052 1241 Carneadis
1084 1199 1314 1254 discipulus
1341 1199 1620 1254 clarissimus,
1669 1200 1785 1254 prius

349 1269 561 1312 Asdrubal
597 1269 905 1320 vocalJatui·.2⁰)
967 1268 1127 1310 Eodem
1170 1268 1268 1321 jure
1311 1268 1491 1310 alterum
1522 1273 1595 1310 aut
1626 1274 1784 1310 utrum-

350 1352 430 1391 que
468 1338 675 1392 originem
705 1337 758 1379 ab
797 1337 991 1379 Asiaticis
1021 1337 1267 1391 parentibus
1299 1336 1482 1379 traxisse
1520 1336 1669 1391 conjici
1688 1350 1808 1391 pos->

349 1408 410 1450 sit.
471 1408 706 1461 Diogenem
739 1419 891 1460 nempe
910 1406 1085 1447 stoicum
1107 1405 1310 1447 nonnulla
1330 1405 1642 1448 Chaldaeorum
1660 1418 1780 1460 prae-

351 1481 473 1531 cepta
505 1481 693 1519 secutum
723 1487 816 1517 esse
847 1475 1062 1527 (licei-0²1)
1096 1474 1326 1516 memoriae
1341 1474 1539 1528 prodidit,
1581 1473 1658 1516 etsi
1694 1473 1785 1527 hoe,

350 1545 463 1599 quod
493 1545 638 1587 Cicero
670 1544 843 1585 tradidit
873 1545 1077 1598 posteris,
1111 1543 1282 1585 minime
1311 1543 1604 1585 demonstrare
1637 1547 1786 1596 potest.

348 1613 646 1669 philosophum
678 1613 915 1666 Diogenem
941 1613 1070 1655 fuisse
1104 1612 1365 1654 Chaldaeum
1397 1612 1465 1654 vel
1505 1610 1676 1652 omnino
1709 1623 1780 1664 ge-

347 1696 446 1724 nere
476 1681 722 1724 Asiaticum.
782 1680 892 1722 Illud
923 1685 1065 1722 autem
1094 1694 1146 1722 ex
1169 1681 1249 1722 hac
1267 1693 1311 1722 re
1326 1679 1445 1722 nobis
1462 1679 1619 1735 patefit,
1649 1679 1780 1721 Grae-

350 1766 421 1794 cas
462 1756 503 1793 et
534 1750 786 1792 Chaldaicas
828 1750 1020 1792 notiones
1054 1756 1181 1802 atque
1212 1749 1422 1792 doctrinas
1454 1748 1592 1803 magis
1622 1749 1780 1802 magis-

351 1834 431 1873 que
462 1833 556 1862 esse
585 1820 848 1861 commixtas.
910 1819 1135 1872 Magorum
1170 1818 1293 1860 etiam
1324 1830 1447 1872 pars,
1478 1829 1607 1870 quum
1636 1815 1778 1871 prohi-

349 1890 448 1931 bere
481 1888 682 1942 nequiret,
713 1887 937 1940 quominus
971 1888 1229 1936 Graecorum
1260 1886 1396 1929 cultus
1412 1898 1636 1939 moresque
1654 1884 1782 1939 longe

347 1959 514 2010 lateque
525 1952 1784 2010 divulga-rentur,adGraecasdoctrinasaclitei-asaccessisse

350 2026 586 2078 videtin-22)
630 2025 822 2066 Eandem
844 2025 1104 2067 Graecarum
1145 2030 1185 2066 et
1215 2023 1543 2067 Chaldaicarum
1573 2021 1780 2064 doctrina-

349 2108 441 2136 rum
472 2093 810 2147 conjunctionffln
842 2092 1219 2146 confusionemque
1247 2093 1373 2135 etiam
1397 2091 1646 2147 Apollonius
1668 2091 1782 2144 Tya-

349 2164 490 2204 nensis
520 2163 811 2204 (lem‹;›nst1·are
832 2162 1009 2214 videtur,
1032 2160 1106 2215 qui'
1125 2162 1236 2215 dicit,
1265 2175 1311 2204 se
1331 2166 1547 2204 versatum
1571 2172 1664 2202 esse
1684 2172 1779 2201 cum

346 2231 484 2285 Magis
521 2237 648 2284 atque
686 2236 830 2273 mutuo
863 2231 1122 2274 institutione
1154 2237 1329 2286 accepta
1366 2231 1523 2273 datave
1553 2228 1606 2271 ab
1637 2227 1687 2270 iis
1716 2239 1783 2269 reo

440 2371 499 2415 20]
526 2369 624 2405 Plut.
653 2369 698 2403 de
723 2368 806 2402 fort.
832 2368 936 2403 Alex.
964 2370 996 2402 Γ».

439 2429 496 2469 21)
523 2428 595 2462 Cic.
628 2427 672 2461 de
698 2427 769 2460 div.
797 2426 845 2471 11,
875 2426 927 2459 43.

438 2486 497 2529 22)
524 2484 580 2519 De
607 2483 831 2518 dissensione
857 2484 894 2517 in
923 2483 1194 2517 Chaldaeorum
1221 2486 1318 2516 secta
1346 2481 1422 2516 sine
1448 2480 1561 2516 dubio
1587 2491 1610 2515 a
1630 2479 1784 2515 Graecis

349 2542 524 2577 doctrinis
560 2546 743 2576 commota
780 2541 824 2575 cf.
866 2540 1037 2575 Strabon.
1070 2539 1182 2582 XVI,
1209 2539 1285 2573 ῖ39.
1336 2539 1441 2584 Ruge
1467 2538 1554 2583 „der
1578 2537 1784 2572 Chaldaeer

350 2600 563 2635 Seleukosf⁴
616 2600 709 2634 Eine
742 2598 827 2632 krit.
861 2598 1150 2643 Untersucliung
1186 2608 1252 2630 aus
1281 2596 1345 2630 dor
1369 2596 1502 2632 Gcsch.
1531 2595 1595 2630 der
1619 2594 1782 2639 Geogra-

349 2658 446 2705 phic,
474 2658 640 2692 Drcsdcn
674 2658 768 2692 leo—l.
795 2668 828 2702 p.
861 2658 915 2691 ll.
1593 2664 1596 2669 ·
