<?xml version="1.0" encoding="UTF-8"?>
<!DOCTYPE html PUBLIC "-//W3C//DTD XHTML 1.0 Transitional//EN"
    "http://www.w3.org/TR/xhtml1/DTD/xhtml1-transitional.dtd">
<html xmlns="http://www.w3.org/1999/xhtml" xml:lang="en" lang="en">
 <head>
  <title>
</title>
<meta http-equiv="Content-Type" content="text/html;charset=utf-8" />
  <meta name='ocr-system' content='tesseract 3.04.00' />
  <meta name='ocr-capabilities' content='ocr_page ocr_carea ocr_par ocr_line ocrx_word'/>
</head>
<body>
  <div class='ocr_page' id='page_1' title='image "./deseleuciababylo00fabiuoft_0076.png"; bbox 0 0 1971 3246; ppageno 0'>
   <div class='ocr_carea' id='block_1_1' title="bbox 907 321 1192 364">
    <p class='ocr_par' dir='ltr' id='par_1_1' title="bbox 907 321 1192 364">
     <span class='ocr_line' id='line_1_1' title="bbox 907 321 1192 364; baseline -0.004 -11"><span class='ocrx_word' id='word_1_1' title='bbox 907 321 1192 364; x_wconf 71' lang='lat'>...70-</span> 
     </span>
    </p>
   </div>
   <div class='ocr_carea' id='block_1_2' title="bbox 325 434 1764 1798">
    <p class='ocr_par' dir='ltr' id='par_1_2' title="bbox 325 434 1764 1798">
     <span class='ocr_line' id='line_1_2' title="bbox 326 434 1752 492; baseline 0.002 -17"><span class='ocrx_word' id='word_1_2' title='bbox 326 434 492 476; x_wconf 90' lang='lat' dir='ltr'>tertium</span> <span class='ocrx_word' id='word_1_3' title='bbox 523 434 708 488; x_wconf 79' lang='lat' dir='ltr'>lapidem</span> <span class='ocrx_word' id='word_1_4' title='bbox 754 436 807 477; x_wconf 89' lang='lat' dir='ltr'>ab</span> <span class='ocrx_word' id='word_1_5' title='bbox 834 447 886 476; x_wconf 89' lang='lat' dir='ltr'>ea</span> <span class='ocrx_word' id='word_1_6' title='bbox 924 435 967 476; x_wconf 91' lang='lat' dir='ltr'>in</span> <span class='ocrx_word' id='word_1_7' title='bbox 999 435 1280 491; x_wconf 84' lang='lat' dir='ltr'>Chalonitide,</span> <span class='ocrx_word' id='word_1_8' title='bbox 1324 442 1535 490; x_wconf 89' lang='lat' dir='ltr'>quantum</span> <span class='ocrx_word' id='word_1_9' title='bbox 1574 440 1752 492; x_wconf 81' lang='lat' dir='ltr'>poterat,</span> 
     </span>
     <span class='ocr_line' id='line_1_3' title="bbox 325 502 1753 559; baseline 0.004 -15"><span class='ocrx_word' id='word_1_10' title='bbox 325 516 500 556; x_wconf 88' lang='lat' dir='ltr'>augens.</span> <span class='ocrx_word' id='word_1_11' title='bbox 561 502 654 552; x_wconf 82' lang='lat' dir='ltr'>Quo</span> <span class='ocrx_word' id='word_1_12' title='bbox 696 517 790 545; x_wconf 91' lang='lat' dir='ltr'>cum</span> <span class='ocrx_word' id='word_1_13' title='bbox 827 503 929 544; x_wconf 87' lang='lat' dir='ltr'>nihil</span> <span class='ocrx_word' id='word_1_14' title='bbox 965 504 1206 555; x_wconf 85' lang='lat' dir='ltr'>efficeretur,</span> <span class='ocrx_word' id='word_1_15' title='bbox 1245 505 1479 559; x_wconf 77' lang='lat' dir='ltr'>Vologeses</span> <span class='ocrx_word' id='word_1_16' title='bbox 1505 507 1538 548; x_wconf 89' lang='grc' dir='ltr'>Ι.</span> <span class='ocrx_word' id='word_1_17' title='bbox 1571 507 1753 549; x_wconf 82' lang='lat' dir='ltr'>Arsaces</span> 
     </span>
     <span class='ocr_line' id='line_1_4' title="bbox 326 571 1752 630; baseline 0.004 -18"><span class='ocrx_word' id='word_1_18' title='bbox 326 571 490 614; x_wconf 78' lang='lat' dir='ltr'>XXIII.</span> <span class='ocrx_word' id='word_1_19' title='bbox 521 576 671 626; x_wconf 88' lang='lat' dir='ltr'>postea</span> <span class='ocrx_word' id='word_1_20' title='bbox 711 572 839 614; x_wconf 89' lang='lat' dir='ltr'>aliam</span> <span class='ocrx_word' id='word_1_21' title='bbox 871 573 1016 614; x_wconf 89' lang='lat' dir='ltr'>urbem</span> <span class='ocrx_word' id='word_1_22' title='bbox 1047 573 1319 627; x_wconf 84' lang='lat' dir='ltr'>Vologesiam</span> <span class='ocrx_word' id='word_1_23' title='bbox 1338 574 1388 625; x_wconf 69' lang='lat'>⁶0)</span> <span class='ocrx_word' id='word_1_24' title='bbox 1416 588 1490 617; x_wconf 87' lang='lat' dir='ltr'>seu</span> <span class='ocrx_word' id='word_1_25' title='bbox 1519 576 1752 630; x_wconf 87' lang='lat' dir='ltr'>Vologeso-</span> 
     </span>
     <span class='ocr_line' id='line_1_5' title="bbox 327 641 1755 698; baseline 0.004 -17"><span class='ocrx_word' id='word_1_26' title='bbox 327 644 485 681; x_wconf 89' lang='lat' dir='ltr'>certam</span> <span class='ocrx_word' id='word_1_27' title='bbox 529 641 571 682; x_wconf 92' lang='lat' dir='ltr'>in</span> <span class='ocrx_word' id='word_1_28' title='bbox 620 641 755 684; x_wconf 87' lang='lat' dir='ltr'>vicino</span> <span class='ocrx_word' id='word_1_29' title='bbox 800 641 855 682; x_wconf 89' lang='lat' dir='ltr'>ad</span> <span class='ocrx_word' id='word_1_30' title='bbox 910 642 1137 684; x_wconf 86' lang='lat' dir='ltr'>Maarsaris</span> <span class='ocrx_word' id='word_1_31' title='bbox 1190 643 1349 685; x_wconf 88' lang='lat' dir='ltr'>canalis</span> <span class='ocrx_word' id='word_1_32' title='bbox 1408 644 1521 698; x_wconf 80' lang='lat' dir='ltr'>ripas</span> <span class='ocrx_word' id='word_1_33' title='bbox 1559 643 1755 687; x_wconf 78' lang='lat' dir='ltr'>condidit.</span> 
     </span>
     <span class='ocr_line' id='line_1_6' title="bbox 328 709 1755 767; baseline 0.004 -17"><span class='ocrx_word' id='word_1_34' title='bbox 328 709 528 751; x_wconf 80' lang='lat' dir='ltr'>Attamen</span> <span class='ocrx_word' id='word_1_35' title='bbox 583 711 728 752; x_wconf 87' lang='lat' dir='ltr'>urbem</span> <span class='ocrx_word' id='word_1_36' title='bbox 785 711 1147 764; x_wconf 71' lang='lat' dir='ltr'>opulentissimam</span> <span class='ocrx_word' id='word_1_37' title='bbox 1194 712 1417 754; x_wconf 76' lang='lat' dir='ltr'>exhaurire</span> <span class='ocrx_word' id='word_1_38' title='bbox 1466 726 1550 755; x_wconf 92' lang='lat' dir='ltr'>non</span> <span class='ocrx_word' id='word_1_39' title='bbox 1608 713 1755 767; x_wconf 86' lang='lat' dir='ltr'>potuit.</span> 
     </span>
     <span class='ocr_line' id='line_1_7' title="bbox 328 778 1756 836; baseline 0.003 -16"><span class='ocrx_word' id='word_1_40' title='bbox 328 778 510 820; x_wconf 86' lang='lat' dir='ltr'>Omnino</span> <span class='ocrx_word' id='word_1_41' title='bbox 522 779 715 821; x_wconf 78' lang='lat' dir='ltr'>Seleucia</span> <span class='ocrx_word' id='word_1_42' title='bbox 732 793 814 821; x_wconf 87' lang='lat' dir='ltr'>non</span> <span class='ocrx_word' id='word_1_43' title='bbox 828 780 1080 822; x_wconf 88' lang='lat' dir='ltr'>Parthorum</span> <span class='ocrx_word' id='word_1_44' title='bbox 1099 781 1305 836; x_wconf 81' lang='lat' dir='ltr'>barbaria,</span> <span class='ocrx_word' id='word_1_45' title='bbox 1339 781 1414 823; x_wconf 91' lang='lat' dir='ltr'>sed</span> <span class='ocrx_word' id='word_1_46' title='bbox 1445 782 1586 836; x_wconf 89' lang='lat' dir='ltr'>potius</span> <span class='ocrx_word' id='word_1_47' title='bbox 1598 783 1756 824; x_wconf 85' lang='lat' dir='ltr'>Roma-</span> 
     </span>
     <span class='ocr_line' id='line_1_8' title="bbox 328 848 1758 904; baseline 0.003 -17"><span class='ocrx_word' id='word_1_48' title='bbox 328 860 478 888; x_wconf 88' lang='lat' dir='ltr'>norum</span> <span class='ocrx_word' id='word_1_49' title='bbox 514 848 822 890; x_wconf 79' lang='lat' dir='ltr'>inhumanitate</span> <span class='ocrx_word' id='word_1_50' title='bbox 861 849 1024 891; x_wconf 80' lang='lat' dir='ltr'>interiit.</span> <span class='ocrx_word' id='word_1_51' title='bbox 1085 850 1252 893; x_wconf 88' lang='lat' dir='ltr'>Primus</span> <span class='ocrx_word' id='word_1_52' title='bbox 1295 851 1585 892; x_wconf 82' lang='lat' dir='ltr'>Romanorum</span> <span class='ocrx_word' id='word_1_53' title='bbox 1623 863 1758 904; x_wconf 90' lang='lat' dir='ltr'>usque</span> 
     </span>
     <span class='ocr_line' id='line_1_9' title="bbox 327 916 1754 973; baseline 0.003 -17"><span class='ocrx_word' id='word_1_54' title='bbox 327 916 384 956; x_wconf 75' lang='lat' dir='ltr'>acl</span> <span class='ocrx_word' id='word_1_55' title='bbox 417 917 694 971; x_wconf 77' lang='lat' dir='ltr'>Babyloniam</span> <span class='ocrx_word' id='word_1_56' title='bbox 725 918 929 972; x_wconf 85' lang='lat' dir='ltr'>processit</span> <span class='ocrx_word' id='word_1_57' title='bbox 955 918 1180 972; x_wconf 85' lang='lat' dir='ltr'>Trajanus,</span> <span class='ocrx_word' id='word_1_58' title='bbox 1211 933 1237 960; x_wconf 93' lang='lat' dir='ltr'>a</span> <span class='ocrx_word' id='word_1_59' title='bbox 1269 919 1388 973; x_wconf 88' lang='lat' dir='ltr'>cujus</span> <span class='ocrx_word' id='word_1_60' title='bbox 1418 919 1570 972; x_wconf 84' lang='lat' dir='ltr'>legatis</span> <span class='ocrx_word' id='word_1_61' title='bbox 1603 919 1754 961; x_wconf 83' lang='lat' dir='ltr'>Erucio</span> 
     </span>
     <span class='ocr_line' id='line_1_10' title="bbox 328 985 1757 1042; baseline 0.003 -16"><span class='ocrx_word' id='word_1_62' title='bbox 328 985 453 1026; x_wconf 84' lang='lat' dir='ltr'>Claro</span> <span class='ocrx_word' id='word_1_63' title='bbox 485 990 525 1026; x_wconf 90' lang='lat' dir='ltr'>et</span> <span class='ocrx_word' id='word_1_64' title='bbox 555 985 667 1027; x_wconf 85' lang='lat' dir='ltr'>Julio</span> <span class='ocrx_word' id='word_1_65' title='bbox 698 987 942 1028; x_wconf 79' lang='lat' dir='ltr'>Alexandro</span> <span class='ocrx_word' id='word_1_66' title='bbox 976 987 1215 1029; x_wconf 87' lang='lat' dir='ltr'>Seleuciam</span> <span class='ocrx_word' id='word_1_67' title='bbox 1259 1001 1353 1029; x_wconf 88' lang='lat' dir='ltr'>cum</span> <span class='ocrx_word' id='word_1_68' title='bbox 1395 987 1643 1042; x_wconf 79' lang='lat' dir='ltr'>defecisset,</span> <span class='ocrx_word' id='word_1_69' title='bbox 1688 1003 1757 1031; x_wconf 88' lang='lat' dir='ltr'>ca-</span> 
     </span>
     <span class='ocr_line' id='line_1_11' title="bbox 327 1055 1758 1110; baseline 0.003 -15"><span class='ocrx_word' id='word_1_70' title='bbox 327 1060 445 1108; x_wconf 89' lang='lat' dir='ltr'>ptam</span> <span class='ocrx_word' id='word_1_71' title='bbox 478 1067 570 1096; x_wconf 90' lang='lat' dir='ltr'>esse</span> <span class='ocrx_word' id='word_1_72' title='bbox 600 1058 726 1107; x_wconf 83' lang='lat' dir='ltr'>atquc</span> <span class='ocrx_word' id='word_1_73' title='bbox 771 1055 985 1097; x_wconf 88' lang='lat' dir='ltr'>incensam</span> <span class='ocrx_word' id='word_1_74' title='bbox 1031 1069 1177 1098; x_wconf 85' lang='lat' dir='ltr'>omnes</span> <span class='ocrx_word' id='word_1_75' title='bbox 1217 1056 1304 1097; x_wconf 81' lang='lat' dir='ltr'>fere</span> <span class='ocrx_word' id='word_1_76' title='bbox 1344 1062 1496 1110; x_wconf 86' lang='lat' dir='ltr'>putant</span> <span class='ocrx_word' id='word_1_77' title='bbox 1539 1056 1651 1099; x_wconf 89' lang='lat' dir='ltr'>docti</span> <span class='ocrx_word' id='word_1_78' title='bbox 1679 1058 1758 1100; x_wconf 84' lang='lat' dir='ltr'>viri</span> 
     </span>
     <span class='ocr_line' id='line_1_12' title="bbox 330 1122 1758 1180; baseline 0.004 -17"><span class='ocrx_word' id='word_1_79' title='bbox 330 1122 649 1178; x_wconf 67' lang='lat' dir='ltr'>Mannertusffl),</span> <span class='ocrx_word' id='word_1_80' title='bbox 683 1124 939 1178; x_wconf 70' lang='lat' dir='ltr'>Ritte1·11s‘³2’)‚</span> <span class='ocrx_word' id='word_1_81' title='bbox 975 1124 1220 1178; x_wconf 57' lang='lat' dir='ltr'>Clessiusffl)</span> <span class='ocrx_word' id='word_1_82' title='bbox 1240 1125 1322 1166; x_wconf 89' lang='lat' dir='ltr'>alii.</span> <span class='ocrx_word' id='word_1_83' title='bbox 1383 1126 1439 1166; x_wconf 84' lang='lat' dir='ltr'>At</span> <span class='ocrx_word' id='word_1_84' title='bbox 1468 1126 1758 1180; x_wconf 61' lang='lat' dir='ltr'>Dieraueroffl)</span> 
     </span>
     <span class='ocr_line' id='line_1_13' title="bbox 333 1192 1757 1248; baseline 0.003 -14"><span class='ocrx_word' id='word_1_85' title='bbox 333 1192 570 1234; x_wconf 81' lang='lat' dir='ltr'>consentire</span> <span class='ocrx_word' id='word_1_86' title='bbox 600 1192 762 1247; x_wconf 89' lang='lat' dir='ltr'>malim,</span> <span class='ocrx_word' id='word_1_87' title='bbox 794 1194 865 1245; x_wconf 87' lang='lat' dir='ltr'>qui</span> <span class='ocrx_word' id='word_1_88' title='bbox 896 1206 978 1234; x_wconf 86' lang='lat' dir='ltr'>non</span> <span class='ocrx_word' id='word_1_89' title='bbox 1012 1193 1249 1234; x_wconf 75' lang='lat' dir='ltr'>Seleuciam</span> <span class='ocrx_word' id='word_1_90' title='bbox 1282 1193 1335 1235; x_wconf 89' lang='lat' dir='ltr'>ad</span> <span class='ocrx_word' id='word_1_91' title='bbox 1370 1193 1544 1248; x_wconf 81' lang='lat' dir='ltr'>Tigrim,</span> <span class='ocrx_word' id='word_1_92' title='bbox 1576 1195 1652 1237; x_wconf 88' lang='lat' dir='ltr'>sed</span> <span class='ocrx_word' id='word_1_93' title='bbox 1684 1196 1757 1238; x_wconf 87' lang='lat' dir='ltr'>Se-</span> 
     </span>
     <span class='ocr_line' id='line_1_14' title="bbox 332 1261 1760 1316; baseline 0.004 -15"><span class='ocrx_word' id='word_1_94' title='bbox 332 1261 509 1303; x_wconf 84' lang='lat' dir='ltr'>leuciam</span> <span class='ocrx_word' id='word_1_95' title='bbox 544 1261 599 1303; x_wconf 86' lang='lat' dir='ltr'>ad</span> <span class='ocrx_word' id='word_1_96' title='bbox 635 1261 890 1316; x_wconf 64' lang='lat' dir='ltr'>Euphratem</span> <span class='ocrx_word' id='word_1_97' title='bbox 917 1261 959 1303; x_wconf 90' lang='grc'>111</span> <span class='ocrx_word' id='word_1_98' title='bbox 988 1262 1205 1316; x_wconf 79' lang='lat' dir='ltr'>provincia</span> <span class='ocrx_word' id='word_1_99' title='bbox 1234 1263 1526 1316; x_wconf 83' lang='lat' dir='ltr'>Commagena</span> <span class='ocrx_word' id='word_1_100' title='bbox 1551 1263 1673 1305; x_wconf 88' lang='lat' dir='ltr'>sitam</span> <span class='ocrx_word' id='word_1_101' title='bbox 1707 1265 1760 1306; x_wconf 86' lang='lat' dir='ltr'>ab</span> 
     </span>
     <span class='ocr_line' id='line_1_15' title="bbox 332 1331 1759 1385; baseline 0.002 -13"><span class='ocrx_word' id='word_1_102' title='bbox 332 1331 411 1373; x_wconf 91' lang='lat' dir='ltr'>illis</span> <span class='ocrx_word' id='word_1_103' title='bbox 442 1331 594 1385; x_wconf 89' lang='lat' dir='ltr'>legatis</span> <span class='ocrx_word' id='word_1_104' title='bbox 627 1335 918 1385; x_wconf 81' lang='lat' dir='ltr'>expugnatam</span> <span class='ocrx_word' id='word_1_105' title='bbox 953 1344 1046 1374; x_wconf 83' lang='lat' dir='ltr'>csse</span> <span class='ocrx_word' id='word_1_106' title='bbox 1084 1331 1320 1385; x_wconf 84' lang='lat' dir='ltr'>suspicatus</span> <span class='ocrx_word' id='word_1_107' title='bbox 1360 1336 1433 1374; x_wconf 79' lang='lat' dir='ltr'>est,</span> <span class='ocrx_word' id='word_1_108' title='bbox 1494 1333 1606 1374; x_wconf 87' lang='lat' dir='ltr'>Nam</span> <span class='ocrx_word' id='word_1_109' title='bbox 1647 1333 1759 1375; x_wconf 87' lang='lat' dir='ltr'>defe-</span> 
     </span>
     <span class='ocr_line' id='line_1_16' title="bbox 332 1399 1760 1455; baseline 0.001 -14"><span class='ocrx_word' id='word_1_110' title='bbox 332 1399 478 1442; x_wconf 86' lang='lat' dir='ltr'>ctionis</span> <span class='ocrx_word' id='word_1_111' title='bbox 508 1399 653 1441; x_wconf 87' lang='lat' dir='ltr'>sedem</span> <span class='ocrx_word' id='word_1_112' title='bbox 682 1400 723 1441; x_wconf 91' lang='lat' dir='ltr'>in</span> <span class='ocrx_word' id='word_1_113' title='bbox 756 1400 971 1455; x_wconf 85' lang='lat' dir='ltr'>superiore</span> <span class='ocrx_word' id='word_1_114' title='bbox 1002 1400 1313 1454; x_wconf 82' lang='lat' dir='ltr'>Mesopotamia</span> <span class='ocrx_word' id='word_1_115' title='bbox 1342 1400 1489 1453; x_wconf 80' lang='lat' dir='ltr'>fuisse,</span> <span class='ocrx_word' id='word_1_116' title='bbox 1540 1401 1610 1442; x_wconf 92' lang='lat' dir='ltr'>ubi</span> <span class='ocrx_word' id='word_1_117' title='bbox 1656 1403 1760 1443; x_wconf 88' lang='lat' dir='ltr'>Tra-</span> 
     </span>
     <span class='ocr_line' id='line_1_17' title="bbox 328 1468 1762 1523; baseline 0.001 -13"><span class='ocrx_word' id='word_1_118' title='bbox 328 1469 423 1523; x_wconf 82' lang='lat' dir='ltr'>jani</span> <span class='ocrx_word' id='word_1_119' title='bbox 462 1468 675 1523; x_wconf 85' lang='lat' dir='ltr'>praesidia</span> <span class='ocrx_word' id='word_1_120' title='bbox 715 1474 788 1511; x_wconf 88' lang='lat' dir='ltr'>aut</span> <span class='ocrx_word' id='word_1_121' title='bbox 825 1469 960 1523; x_wconf 85' lang='lat' dir='ltr'>ejecta</span> <span class='ocrx_word' id='word_1_122' title='bbox 991 1473 1064 1510; x_wconf 92' lang='lat' dir='ltr'>aut</span> <span class='ocrx_word' id='word_1_123' title='bbox 1097 1468 1237 1510; x_wconf 86' lang='lat' dir='ltr'>occisa</span> <span class='ocrx_word' id='word_1_124' title='bbox 1267 1469 1358 1510; x_wconf 90' lang='lat' dir='ltr'>sint.</span> <span class='ocrx_word' id='word_1_125' title='bbox 1420 1469 1468 1510; x_wconf 91' lang='lat' dir='ltr'>In</span> <span class='ocrx_word' id='word_1_126' title='bbox 1502 1469 1668 1523; x_wconf 88' lang='lat' dir='ltr'>oppidis</span> <span class='ocrx_word' id='word_1_127' title='bbox 1699 1483 1762 1511; x_wconf 86' lang='lat' dir='ltr'>re—</span> 
     </span>
     <span class='ocr_line' id='line_1_18' title="bbox 335 1537 1760 1590; baseline 0.001 -11"><span class='ocrx_word' id='word_1_128' title='bbox 335 1538 585 1579; x_wconf 85' lang='lat' dir='ltr'>bellantibus</span> <span class='ocrx_word' id='word_1_129' title='bbox 629 1537 758 1580; x_wconf 89' lang='lat' dir='ltr'>fuisse</span> <span class='ocrx_word' id='word_1_130' title='bbox 797 1537 961 1579; x_wconf 84' lang='lat' dir='ltr'>Nisibin</span> <span class='ocrx_word' id='word_1_131' title='bbox 1002 1541 1130 1590; x_wconf 87' lang='lat' dir='ltr'>atque</span> <span class='ocrx_word' id='word_1_132' title='bbox 1165 1537 1397 1590; x_wconf 84' lang='lat' dir='ltr'>Edessam,</span> <span class='ocrx_word' id='word_1_133' title='bbox 1447 1550 1555 1590; x_wconf 89' lang='lat' dir='ltr'>quae</span> <span class='ocrx_word' id='word_1_134' title='bbox 1598 1539 1760 1580; x_wconf 81' lang='lat' dir='ltr'>a-Tra-</span> 
     </span>
     <span class='ocr_line' id='line_1_19' title="bbox 325 1605 1762 1660; baseline 0.001 -13"><span class='ocrx_word' id='word_1_135' title='bbox 325 1607 419 1660; x_wconf 85' lang='lat' dir='ltr'>jani</span> <span class='ocrx_word' id='word_1_136' title='bbox 470 1606 645 1648; x_wconf 90' lang='lat' dir='ltr'>ducibus</span> <span class='ocrx_word' id='word_1_137' title='bbox 692 1606 883 1660; x_wconf 82' lang='lat' dir='ltr'>direptae</span> <span class='ocrx_word' id='word_1_138' title='bbox 927 1611 1054 1657; x_wconf 84' lang='lat' dir='ltr'>atque</span> <span class='ocrx_word' id='word_1_139' title='bbox 1099 1606 1299 1648; x_wconf 86' lang='lat' dir='ltr'>incensae</span> <span class='ocrx_word' id='word_1_140' title='bbox 1343 1605 1439 1647; x_wconf 79' lang='lat' dir='ltr'>sint.</span> <span class='ocrx_word' id='word_1_141' title='bbox 1524 1605 1619 1648; x_wconf 90' lang='lat' dir='ltr'>Una</span> <span class='ocrx_word' id='word_1_142' title='bbox 1666 1620 1762 1648; x_wconf 87' lang='lat' dir='ltr'>cum</span> 
     </span>
     <span class='ocr_line' id='line_1_20' title="bbox 334 1673 1760 1729; baseline 0.001 -13"><span class='ocrx_word' id='word_1_143' title='bbox 334 1675 396 1717; x_wconf 91' lang='lat' dir='ltr'>his</span> <span class='ocrx_word' id='word_1_144' title='bbox 446 1675 609 1717; x_wconf 88' lang='lat' dir='ltr'>duabus</span> <span class='ocrx_word' id='word_1_145' title='bbox 648 1675 820 1717; x_wconf 86' lang='lat' dir='ltr'>urbibus</span> <span class='ocrx_word' id='word_1_146' title='bbox 867 1674 947 1716; x_wconf 88' lang='lat' dir='ltr'>Dio</span> <span class='ocrx_word' id='word_1_147' title='bbox 991 1674 1162 1717; x_wconf 84' lang='lat' dir='ltr'>Cassius</span> <span class='ocrx_word' id='word_1_148' title='bbox 1185 1674 1235 1725; x_wconf 76' lang='grc'>65)</span> <span class='ocrx_word' id='word_1_149' title='bbox 1279 1673 1498 1716; x_wconf 79' lang='lat' dir='ltr'>Seleuciae</span> <span class='ocrx_word' id='word_1_150' title='bbox 1537 1674 1760 1729; x_wconf 86' lang='lat' dir='ltr'>cujusdam</span> 
     </span>
     <span class='ocr_line' id='line_1_21' title="bbox 332 1742 1764 1798; baseline 0.001 -13"><span class='ocrx_word' id='word_1_151' title='bbox 332 1744 587 1786; x_wconf 88' lang='lat' dir='ltr'>mentionem</span> <span class='ocrx_word' id='word_1_152' title='bbox 618 1743 731 1785; x_wconf 83' lang='lat' dir='ltr'>facit.</span> <span class='ocrx_word' id='word_1_153' title='bbox 792 1743 884 1793; x_wconf 81' lang='lat' dir='ltr'>Quo</span> <span class='ocrx_word' id='word_1_154' title='bbox 918 1748 1107 1797; x_wconf 91' lang='lat' dir='ltr'>tempore</span> <span class='ocrx_word' id='word_1_155' title='bbox 1138 1743 1287 1786; x_wconf 84' lang='lat' dir='ltr'>seditio</span> <span class='ocrx_word' id='word_1_156' title='bbox 1320 1742 1517 1797; x_wconf 77' lang='lat' dir='ltr'>exoritur,</span> <span class='ocrx_word' id='word_1_157' title='bbox 1550 1744 1764 1798; x_wconf 87' lang='lat' dir='ltr'>Trajanus</span> 
     </span>
    </p>
   </div>
   <div class='ocr_carea' id='block_1_3' title="bbox 333 1851 1769 2819">
    <p class='ocr_par' dir='ltr' id='par_1_3' title="bbox 333 1851 1767 2418">
     <span class='ocr_line' id='line_1_22' title="bbox 333 1851 1766 1902; baseline 0 -11"><span class='ocrx_word' id='word_1_158' title='bbox 333 1869 402 1892; x_wconf 87' lang='lat' dir='ltr'>nus</span> <span class='ocrx_word' id='word_1_159' title='bbox 429 1869 503 1891; x_wconf 87' lang='lat' dir='ltr'>non</span> <span class='ocrx_word' id='word_1_160' title='bbox 534 1857 653 1891; x_wconf 90' lang='lat' dir='ltr'>solum</span> <span class='ocrx_word' id='word_1_161' title='bbox 676 1857 714 1890; x_wconf 90' lang='lat' dir='ltr'>in</span> <span class='ocrx_word' id='word_1_162' title='bbox 742 1867 796 1899; x_wconf 91' lang='lat' dir='ltr'>eo,</span> <span class='ocrx_word' id='word_1_163' title='bbox 823 1856 923 1902; x_wconf 82' lang='lat' dir='ltr'>quod</span> <span class='ocrx_word' id='word_1_164' title='bbox 947 1857 992 1891; x_wconf 93' lang='lat' dir='ltr'>de</span> <span class='ocrx_word' id='word_1_165' title='bbox 1014 1856 1196 1900; x_wconf 74' lang='lat' dir='ltr'>Bar-lane,</span> <span class='ocrx_word' id='word_1_166' title='bbox 1223 1856 1286 1890; x_wconf 88' lang='lat' dir='ltr'>sed</span> <span class='ocrx_word' id='word_1_167' title='bbox 1314 1856 1425 1891; x_wconf 87' lang='lat' dir='ltr'>etiam</span> <span class='ocrx_word' id='word_1_168' title='bbox 1444 1856 1544 1902; x_wconf 87' lang='lat' dir='ltr'>quod</span> <span class='ocrx_word' id='word_1_169' title='bbox 1564 1856 1608 1891; x_wconf 90' lang='lat' dir='ltr'>de</span> <span class='ocrx_word' id='word_1_170' title='bbox 1624 1851 1766 1892; x_wconf 80' lang='lat' dir='ltr'>Pacoro</span> 
     </span>
     <span class='ocr_line' id='line_1_23' title="bbox 333 1913 1767 1960; baseline -0.001 -11"><span class='ocrx_word' id='word_1_171' title='bbox 333 1915 432 1956; x_wconf 86' lang='lat' dir='ltr'>dicit,</span> <span class='ocrx_word' id='word_1_172' title='bbox 453 1920 560 1950; x_wconf 84' lang='lat' dir='ltr'>errat.</span> <span class='ocrx_word' id='word_1_173' title='bbox 614 1915 709 1951; x_wconf 88' lang='lat' dir='ltr'>Nam</span> <span class='ocrx_word' id='word_1_174' title='bbox 735 1914 984 1959; x_wconf 84' lang='lat' dir='ltr'>Ctesiphontis</span> <span class='ocrx_word' id='word_1_175' title='bbox 1012 1914 1214 1960; x_wconf 84' lang='lat' dir='ltr'>appellatio</span> <span class='ocrx_word' id='word_1_176' title='bbox 1240 1915 1354 1948; x_wconf 88' lang='lat' dir='ltr'>multo</span> <span class='ocrx_word' id='word_1_177' title='bbox 1379 1913 1568 1959; x_wconf 88' lang='lat' dir='ltr'>antiquior</span> <span class='ocrx_word' id='word_1_178' title='bbox 1593 1917 1657 1954; x_wconf 81' lang='lat' dir='ltr'>est,</span> <span class='ocrx_word' id='word_1_179' title='bbox 1684 1925 1767 1948; x_wconf 88' lang='lat' dir='ltr'>cum</span> 
     </span>
     <span class='ocr_line' id='line_1_24' title="bbox 335 1970 1766 2018; baseline -0.001 -12"><span class='ocrx_word' id='word_1_180' title='bbox 335 1984 357 2006; x_wconf 85' lang='lat' dir='ltr'>a</span> <span class='ocrx_word' id='word_1_181' title='bbox 383 1972 542 2018; x_wconf 85' lang='lat' dir='ltr'>Polybio</span> <span class='ocrx_word' id='word_1_182' title='bbox 562 1972 607 2015; x_wconf 87' lang='lat' dir='ltr'>V,</span> <span class='ocrx_word' id='word_1_183' title='bbox 632 1973 686 2015; x_wconf 73' lang='lat'>45,</span> <span class='ocrx_word' id='word_1_184' title='bbox 712 1974 744 2015; x_wconf 86' lang='lat'>4,</span> <span class='ocrx_word' id='word_1_185' title='bbox 772 1976 1002 2007; x_wconf 87' lang='lat' dir='ltr'>memoretur.</span> <span class='ocrx_word' id='word_1_186' title='bbox 1029 1971 1074 2006; x_wconf 83' lang='lat' dir='ltr'>cf.</span> <span class='ocrx_word' id='word_1_187' title='bbox 1103 1972 1259 2015; x_wconf 88' lang='lat' dir='ltr'>Procop.</span> <span class='ocrx_word' id='word_1_188' title='bbox 1286 1971 1330 2005; x_wconf 91' lang='lat' dir='ltr'>de</span> <span class='ocrx_word' id='word_1_189' title='bbox 1355 1970 1454 2006; x_wconf 90' lang='lat' dir='ltr'>bello</span> <span class='ocrx_word' id='word_1_190' title='bbox 1482 1971 1629 2005; x_wconf 88' lang='lat' dir='ltr'>Persico</span> <span class='ocrx_word' id='word_1_191' title='bbox 1646 1971 1694 2015; x_wconf 89' lang='lat'>11,</span> <span class='ocrx_word' id='word_1_192' title='bbox 1711 1971 1766 2005; x_wconf 86' lang='grc'>28.</span> 
     </span>
     <span class='ocr_line' id='line_1_25' title="bbox 333 2027 1765 2076; baseline -0.001 -13"><span class='ocrx_word' id='word_1_193' title='bbox 333 2030 484 2074; x_wconf 76' lang='lat' dir='ltr'>Joseph.</span> <span class='ocrx_word' id='word_1_194' title='bbox 512 2030 667 2076; x_wconf 86' lang='lat' dir='ltr'>Antiqu.</span> <span class='ocrx_word' id='word_1_195' title='bbox 693 2029 838 2071; x_wconf 80' lang='lat' dir='ltr'>XVIII,</span> <span class='ocrx_word' id='word_1_196' title='bbox 865 2030 896 2063; x_wconf 84' lang='lat'>9.</span> <span class='ocrx_word' id='word_1_197' title='bbox 921 2030 952 2063; x_wconf 79' lang='lat'>9.</span> <span class='ocrx_word' id='word_1_198' title='bbox 982 2029 1194 2064; x_wconf 82' lang='lat' dir='ltr'>Tillemont.</span> <span class='ocrx_word' id='word_1_199' title='bbox 1219 2027 1326 2064; x_wconf 76' lang='lat' dir='ltr'>mem.</span> <span class='ocrx_word' id='word_1_200' title='bbox 1353 2039 1447 2074; x_wconf 88' lang='lat' dir='ltr'>pour</span> <span class='ocrx_word' id='word_1_201' title='bbox 1472 2028 1586 2062; x_wconf 85' lang='lat' dir='ltr'>servir</span> <span class='ocrx_word' id='word_1_202' title='bbox 1609 2027 1632 2063; x_wconf 69' lang='lat' dir='ltr'>a</span> <span class='ocrx_word' id='word_1_203' title='bbox 1655 2027 1765 2063; x_wconf 85' lang='lat' dir='ltr'>l’hist.</span> 
     </span>
     <span class='ocr_line' id='line_1_26' title="bbox 335 2085 1767 2133; baseline -0.001 -12"><span class='ocrx_word' id='word_1_204' title='bbox 335 2087 482 2121; x_wconf 83' lang='lat' dir='ltr'>eccles.“</span> <span class='ocrx_word' id='word_1_205' title='bbox 509 2086 594 2130; x_wconf 86' lang='lat' dir='ltr'>VII,</span> <span class='ocrx_word' id='word_1_206' title='bbox 618 2099 651 2133; x_wconf 88' lang='lat' dir='ltr'>p.</span> <span class='ocrx_word' id='word_1_207' title='bbox 678 2088 754 2122; x_wconf 74' lang='lat'>100.</span> <span class='ocrx_word' id='word_1_208' title='bbox 782 2087 854 2123; x_wconf 88' lang='lat' dir='ltr'>Sed</span> <span class='ocrx_word' id='word_1_209' title='bbox 878 2086 988 2121; x_wconf 87' lang='lat' dir='ltr'>facile</span> <span class='ocrx_word' id='word_1_210' title='bbox 1008 2086 1167 2132; x_wconf 85' lang='lat' dir='ltr'>intelligi</span> <span class='ocrx_word' id='word_1_211' title='bbox 1185 2089 1317 2131; x_wconf 83' lang='lat' dir='ltr'>potest,</span> <span class='ocrx_word' id='word_1_212' title='bbox 1336 2097 1358 2119; x_wconf 85' lang='lat' dir='ltr'>a</span> <span class='ocrx_word' id='word_1_213' title='bbox 1373 2085 1541 2120; x_wconf 83' lang='lat' dir='ltr'>Bardane</span> <span class='ocrx_word' id='word_1_214' title='bbox 1552 2085 1767 2130; x_wconf 79' lang='lat' dir='ltr'>Ctesiphon-</span> 
     </span>
     <span class='ocr_line' id='line_1_27' title="bbox 336 2142 1766 2189; baseline 0 -11"><span class='ocrx_word' id='word_1_215' title='bbox 336 2148 409 2179; x_wconf 84' lang='lat' dir='ltr'>tem</span> <span class='ocrx_word' id='word_1_216' title='bbox 450 2145 653 2180; x_wconf 85' lang='lat' dir='ltr'>incolarum</span> <span class='ocrx_word' id='word_1_217' title='bbox 699 2145 934 2179; x_wconf 87' lang='lat' dir='ltr'>multitudine</span> <span class='ocrx_word' id='word_1_218' title='bbox 979 2143 1243 2189; x_wconf 87' lang='lat' dir='ltr'>amplificatam</span> <span class='ocrx_word' id='word_1_219' title='bbox 1294 2143 1480 2189; x_wconf 90' lang='lat' dir='ltr'>murisque</span> <span class='ocrx_word' id='word_1_220' title='bbox 1523 2142 1679 2177; x_wconf 85' lang='lat' dir='ltr'>cinctam</span> <span class='ocrx_word' id='word_1_221' title='bbox 1729 2146 1766 2178; x_wconf 86' lang='lat' dir='ltr'>et</span> 
     </span>
     <span class='ocr_line' id='line_1_28' title="bbox 334 2199 1764 2238; baseline -0.002 -1"><span class='ocrx_word' id='word_1_222' title='bbox 334 2203 503 2237; x_wconf 88' lang='lat' dir='ltr'>omnibus</span> <span class='ocrx_word' id='word_1_223' title='bbox 528 2202 718 2238; x_wconf 86' lang='lat' dir='ltr'>beneficiis</span> <span class='ocrx_word' id='word_1_224' title='bbox 748 2202 993 2237; x_wconf 87' lang='lat' dir='ltr'>instauratam</span> <span class='ocrx_word' id='word_1_225' title='bbox 1023 2213 1111 2236; x_wconf 85' lang='lat' dir='ltr'>esse.</span> <span class='ocrx_word' id='word_1_226' title='bbox 1151 2222 1193 2225; x_wconf 85' lang='lat'><strong>—</strong></span> <span class='ocrx_word' id='word_1_227' title='bbox 1234 2201 1363 2236; x_wconf 86' lang='lat' dir='ltr'>Obiter</span> <span class='ocrx_word' id='word_1_228' title='bbox 1402 2199 1764 2235; x_wconf 83' lang='lat' dir='ltr'>commemoraverim</span> 
     </span>
     <span class='ocr_line' id='line_1_29' title="bbox 334 2256 1765 2306; baseline -0.004 -11"><span class='ocrx_word' id='word_1_229' title='bbox 334 2272 430 2295; x_wconf 87' lang='lat' dir='ltr'>anno</span> <span class='ocrx_word' id='word_1_230' title='bbox 448 2272 519 2295; x_wconf 83' lang='lat' dir='ltr'>aer.</span> <span class='ocrx_word' id='word_1_231' title='bbox 540 2260 625 2295; x_wconf 85' lang='lat' dir='ltr'>Chr.</span> <span class='ocrx_word' id='word_1_232' title='bbox 645 2260 700 2293; x_wconf 80' lang='lat'>45.</span> <span class='ocrx_word' id='word_1_233' title='bbox 721 2260 962 2306; x_wconf 86' lang='lat' dir='ltr'>Apollonium</span> <span class='ocrx_word' id='word_1_234' title='bbox 987 2259 1205 2304; x_wconf 87' lang='lat' dir='ltr'>Tyanaeum</span> <span class='ocrx_word' id='word_1_235' title='bbox 1230 2258 1487 2303; x_wconf 83' lang='lat' dir='ltr'>Babyloniam.</span> <span class='ocrx_word' id='word_1_236' title='bbox 1512 2257 1550 2291; x_wconf 90' lang='lat' dir='ltr'>id</span> <span class='ocrx_word' id='word_1_237' title='bbox 1574 2261 1630 2291; x_wconf 85' lang='lat' dir='ltr'>est</span> <span class='ocrx_word' id='word_1_238' title='bbox 1645 2256 1765 2292; x_wconf 49' lang='lat' dir='ltr'>Seleu2</span> 
     </span>
     <span class='ocr_line' id='line_1_30' title="bbox 336 2316 1765 2364; baseline -0.003 -12"><span class='ocrx_word' id='word_1_239' title='bbox 336 2318 450 2361; x_wconf 86' lang='lat' dir='ltr'>ciam,</span> <span class='ocrx_word' id='word_1_240' title='bbox 474 2318 677 2364; x_wconf 80' lang='lat' dir='ltr'>ingressum</span> <span class='ocrx_word' id='word_1_241' title='bbox 705 2328 782 2351; x_wconf 87' lang='lat' dir='ltr'>esse</span> <span class='ocrx_word' id='word_1_242' title='bbox 817 2322 853 2352; x_wconf 88' lang='lat' dir='ltr'>et</span> <span class='ocrx_word' id='word_1_243' title='bbox 885 2317 1079 2352; x_wconf 82' lang='lat' dir='ltr'>accessisse</span> <span class='ocrx_word' id='word_1_244' title='bbox 1113 2328 1235 2363; x_wconf 83' lang='lat' dir='ltr'>regem</span> <span class='ocrx_word' id='word_1_245' title='bbox 1260 2316 1457 2350; x_wconf 78' lang='lat' dir='ltr'>Bai-danen</span> <span class='ocrx_word' id='word_1_246' title='bbox 1478 2318 1625 2360; x_wconf 87' lang='lat' dir='ltr'>recepto</span> <span class='ocrx_word' id='word_1_247' title='bbox 1650 2324 1765 2359; x_wconf 85' lang='lat' dir='ltr'>regno</span> 
     </span>
     <span class='ocr_line' id='line_1_31' title="bbox 335 2370 1659 2418; baseline -0.005 -8"><span class='ocrx_word' id='word_1_248' title='bbox 335 2387 432 2410; x_wconf 84' lang='lat' dir='ltr'>anno</span> <span class='ocrx_word' id='word_1_249' title='bbox 457 2376 487 2409; x_wconf 86' lang='lat'>3.</span> <span class='ocrx_word' id='word_1_250' title='bbox 513 2385 636 2409; x_wconf 87' lang='lat' dir='ltr'>mense</span> <span class='ocrx_word' id='word_1_251' title='bbox 659 2375 688 2408; x_wconf 91' lang='grc'>2.</span> <span class='ocrx_word' id='word_1_252' title='bbox 716 2373 762 2408; x_wconf 87' lang='lat' dir='ltr'>cf.</span> <span class='ocrx_word' id='word_1_253' title='bbox 788 2373 882 2407; x_wconf 90' lang='lat' dir='ltr'>Phil.</span> <span class='ocrx_word' id='word_1_254' title='bbox 910 2373 1033 2418; x_wconf 90' lang='lat' dir='ltr'>Apoll.</span> <span class='ocrx_word' id='word_1_255' title='bbox 1059 2373 1179 2418; x_wconf 87' lang='lat' dir='ltr'>Tyan.</span> <span class='ocrx_word' id='word_1_256' title='bbox 1204 2371 1376 2406; x_wconf 83' lang='lat' dir='ltr'>XXVIII</span> <span class='ocrx_word' id='word_1_257' title='bbox 1401 2372 1477 2415; x_wconf 81' lang='lat'>(35)</span> <span class='ocrx_word' id='word_1_258' title='bbox 1503 2370 1659 2416; x_wconf 86' lang='lat' dir='ltr'>Kayser.</span> 
     </span>
    </p>

    <p class='ocr_par' dir='ltr' id='par_1_4' title="bbox 428 2430 1271 2476">
     <span class='ocr_line' id='line_1_32' title="bbox 428 2430 1271 2476; baseline -0.005 -10"><span class='ocrx_word' id='word_1_259' title='bbox 428 2433 485 2476; x_wconf 80' lang='lat' dir='ltr'>b&#39;O)</span> <span class='ocrx_word' id='word_1_260' title='bbox 508 2431 604 2466; x_wconf 76' lang='lat' dir='ltr'>Plin.</span> <span class='ocrx_word' id='word_1_261' title='bbox 631 2432 653 2466; x_wconf 83' lang='lat' dir='ltr'>l.</span> <span class='ocrx_word' id='word_1_262' title='bbox 680 2431 702 2465; x_wconf 85' lang='grc'>1,</span> <span class='ocrx_word' id='word_1_263' title='bbox 730 2431 856 2476; x_wconf 63' lang='lat' dir='ltr'>Steph.</span> <span class='ocrx_word' id='word_1_264' title='bbox 882 2430 974 2476; x_wconf 69' lang='lat' dir='ltr'>Byz.</span> <span class='ocrx_word' id='word_1_265' title='bbox 1000 2430 1271 2475; x_wconf 61' lang='lat' dir='ltr'>„Boloyeolacf‘</span> 
     </span>
    </p>

    <p class='ocr_par' dir='ltr' id='par_1_5' title="bbox 426 2488 845 2535">
     <span class='ocr_line' id='line_1_33' title="bbox 426 2488 845 2535; baseline 0.005 -15"><span class='ocrx_word' id='word_1_266' title='bbox 426 2490 485 2535; x_wconf 63' lang='lat'>(51)</span> <span class='ocrx_word' id='word_1_267' title='bbox 509 2488 554 2534; x_wconf 91' lang='lat' dir='ltr'>V,</span> <span class='ocrx_word' id='word_1_268' title='bbox 580 2490 600 2523; x_wconf 90' lang='grc'>2</span> <span class='ocrx_word' id='word_1_269' title='bbox 626 2501 662 2534; x_wconf 94' lang='lat' dir='ltr'>p.</span> <span class='ocrx_word' id='word_1_270' title='bbox 692 2489 759 2523; x_wconf 78' lang='lat'>395</span> <span class='ocrx_word' id='word_1_271' title='bbox 791 2500 845 2534; x_wconf 88' lang='lat' dir='ltr'>sq.</span> 
     </span>
    </p>

    <p class='ocr_par' dir='ltr' id='par_1_6' title="bbox 433 2546 929 2591">
     <span class='ocr_line' id='line_1_34' title="bbox 433 2546 929 2591; baseline -0.002 -11"><span class='ocrx_word' id='word_1_272' title='bbox 433 2546 490 2590; x_wconf 85' lang='lat'>62)</span> <span class='ocrx_word' id='word_1_273' title='bbox 515 2546 628 2582; x_wconf 88' lang='lat' dir='ltr'>Erdk.</span> <span class='ocrx_word' id='word_1_274' title='bbox 654 2546 702 2589; x_wconf 90' lang='lat' dir='ltr'>X,</span> <span class='ocrx_word' id='word_1_275' title='bbox 727 2558 760 2591; x_wconf 93' lang='lat' dir='ltr'>p.</span> <span class='ocrx_word' id='word_1_276' title='bbox 787 2546 853 2580; x_wconf 82' lang='grc'>120</span> <span class='ocrx_word' id='word_1_277' title='bbox 877 2557 929 2591; x_wconf 87' lang='lat' dir='ltr'>sq.</span> 
     </span>
    </p>

    <p class='ocr_par' dir='ltr' id='par_1_7' title="bbox 429 2601 1289 2649">
     <span class='ocr_line' id='line_1_35' title="bbox 429 2601 1289 2649; baseline -0.006 -10"><span class='ocrx_word' id='word_1_278' title='bbox 429 2604 488 2647; x_wconf 58' lang='lat'>63)</span> <span class='ocrx_word' id='word_1_279' title='bbox 514 2604 635 2649; x_wconf 90' lang='lat' dir='ltr'>Pauly</span> <span class='ocrx_word' id='word_1_280' title='bbox 659 2604 701 2638; x_wconf 78' lang='lat' dir='ltr'>R.</span> <span class='ocrx_word' id='word_1_281' title='bbox 729 2603 769 2639; x_wconf 88' lang='lat' dir='ltr'>E.</span> <span class='ocrx_word' id='word_1_282' title='bbox 797 2603 842 2645; x_wconf 81' lang='lat' dir='ltr'>V,</span> <span class='ocrx_word' id='word_1_283' title='bbox 872 2602 970 2645; x_wconf 86' lang='grc'>1203,</span> <span class='ocrx_word' id='word_1_284' title='bbox 998 2601 1064 2644; x_wconf 83' lang='lat' dir='ltr'>VI,</span> <span class='ocrx_word' id='word_1_285' title='bbox 1094 2603 1121 2644; x_wconf 86' lang='lat'>1,</span> <span class='ocrx_word' id='word_1_286' title='bbox 1150 2613 1186 2646; x_wconf 91' lang='lat' dir='ltr'>p.</span> <span class='ocrx_word' id='word_1_287' title='bbox 1213 2601 1289 2635; x_wconf 73' lang='lat'>9:32.</span> 
     </span>
    </p>

    <p class='ocr_par' dir='ltr' id='par_1_8' title="bbox 336 2655 1769 2765">
     <span class='ocr_line' id='line_1_36' title="bbox 431 2655 1769 2706; baseline -0.004 -11"><span class='ocrx_word' id='word_1_288' title='bbox 431 2662 489 2705; x_wconf 66' lang='lat'>(34)</span> <span class='ocrx_word' id='word_1_289' title='bbox 515 2660 704 2704; x_wconf 76' lang='lat' dir='ltr'>Diemuer,</span> <span class='ocrx_word' id='word_1_290' title='bbox 729 2660 926 2706; x_wconf 74' lang='lat' dir='ltr'>„Beitr3ige</span> <span class='ocrx_word' id='word_1_291' title='bbox 953 2671 1000 2694; x_wconf 89' lang='lat' dir='ltr'>zu</span> <span class='ocrx_word' id='word_1_292' title='bbox 1024 2659 1122 2694; x_wconf 89' lang='lat' dir='ltr'>einer</span> <span class='ocrx_word' id='word_1_293' title='bbox 1143 2658 1345 2694; x_wconf 85' lang='lat' dir='ltr'>kritischen</span> <span class='ocrx_word' id='word_1_294' title='bbox 1359 2656 1583 2693; x_wconf 86' lang='lat' dir='ltr'>Geschichte</span> <span class='ocrx_word' id='word_1_295' title='bbox 1597 2655 1769 2701; x_wconf 76' lang='lat' dir='ltr'>&#39;frajans,</span> 
     </span>
     <span class='ocr_line' id='line_1_37' title="bbox 336 2713 1553 2765; baseline -0.004 -12"><span class='ocrx_word' id='word_1_296' title='bbox 336 2718 503 2765; x_wconf 84' lang='lat' dir='ltr'>Leipzig,</span> <span class='ocrx_word' id='word_1_297' title='bbox 530 2718 630 2762; x_wconf 75' lang='lat'>1853,</span> <span class='ocrx_word' id='word_1_298' title='bbox 655 2718 828 2753; x_wconf 87' lang='lat' dir='ltr'>Teubner</span> <span class='ocrx_word' id='word_1_299' title='bbox 853 2730 888 2764; x_wconf 86' lang='lat' dir='ltr'>p.</span> <span class='ocrx_word' id='word_1_300' title='bbox 915 2717 980 2751; x_wconf 75' lang='lat'>174</span> <span class='ocrx_word' id='word_1_301' title='bbox 1007 2720 1081 2751; x_wconf 86' lang='lat' dir='ltr'>not.</span> <span class='ocrx_word' id='word_1_302' title='bbox 1108 2717 1139 2761; x_wconf 85' lang='lat'>4,</span> <span class='ocrx_word' id='word_1_303' title='bbox 1164 2717 1297 2762; x_wconf 80' lang='lat' dir='ltr'>p.·180.</span> <span class='ocrx_word' id='word_1_304' title='bbox 1326 2719 1402 2756; x_wconf 89' lang='lat' dir='ltr'>not.</span> <span class='ocrx_word' id='word_1_305' title='bbox 1427 2715 1466 2750; x_wconf 89' lang='lat' dir='ltr'>in</span> <span class='ocrx_word' id='word_1_306' title='bbox 1489 2713 1553 2756; x_wconf 78' lang='lat' dir='ltr'>fin.</span> 
     </span>
    </p>

    <p class='ocr_par' dir='ltr' id='par_1_9' title="bbox 429 2774 995 2819">
     <span class='ocr_line' id='line_1_38' title="bbox 429 2774 995 2819; baseline -0.004 -9"><span class='ocrx_word' id='word_1_307' title='bbox 429 2777 484 2818; x_wconf 69' lang='lat'>(55)</span> <span class='ocrx_word' id='word_1_308' title='bbox 511 2775 584 2812; x_wconf 86' lang='lat' dir='ltr'>Dio</span> <span class='ocrx_word' id='word_1_309' title='bbox 610 2775 709 2810; x_wconf 87' lang='lat' dir='ltr'>Cass.</span> <span class='ocrx_word' id='word_1_310' title='bbox 736 2774 915 2819; x_wconf 79' lang='lat' dir='ltr'>LXVIII,</span> <span class='ocrx_word' id='word_1_311' title='bbox 941 2775 995 2808; x_wconf 75' lang='lat'>29.</span> 
     </span>
    </p>
   </div>
  </div>
 </body>
</html>
